=LDR  01544 am a22003132i 4500
=001  018342835
=003  Uk
=005  20130522162323.0
=006  m\\\\||\\d\|\\\\\\
=007  cr\|||||||||||
=008  120130s2008\\\\ru\\\\\\o\\\\\000\0\rus\d
=FMT  \\$a  BK
=035  \\$a(RuMoEVIS)2054096BO
=040  \\$aRuMoEVIS$beng$cRuMoEVIS$dUk$erda
=245  00$6880-01$aStavim na liderov! :$bvstrecha Pervogo zamestitelia Predsedatelia Pravitel'stva Rosiiskoi Federatsii Dmitriia Medvedeva v predstaviteliami molodezhnykh organizatsii v izdatel'stve "Evropa" /$c[glavnyĭ redaktor: Gleb Pavlovskiĭ].
=264  \1$aMoskva :$bEvropa,$c2008.
=300  \\$a1 online resource (44 pages)
=336  \\$atext$2rdacontent
=337  \\$acomputer$2rdamedia
=338  \\$aonline resource$2rdacarrier
=653  0\$aDomestic policy.
=653  0\$aPolitical science.
=653  0\$aPolitical parties.
=776  08$iPrint version:$z9785973901318
=859  \\$aORR$bdonated ebook
=880  00$6245-01/$aСтавим на лидеров! :$bвстреча Первого заместителя Председателя Правительства Росийской Федерации Дмитрия Медведева в представителями молодежных организаций в издательстве "Европа" /$c[главный редактор: Глеб Павловский].
=CAT  \\$aBATCH-EVEB$b00$c20170516$lBLL01$h0943
=SRC  \\$aEAST VIEW EBOOKS$bOUT_CM16047_28022017.lex
=LAS  \\$aBATCH-EVEB$b00$c20170516$lBLL01$h0943

