=LDR  01064 am a22003252i 4500
=001  018342836
=003  Uk
=005  20130522162323.0
=006  m\\\\||\\d\|\\\\\\
=007  cr\|||||||||||
=008  120130s2008\\\\ru\\\\\\o\\\\\000\0\rus\d
=FMT  \\$a  BK
=035  \\$a(RuMoEVIS)2054098BO
=040  \\$aRuMoEVIS$beng$cRuMoEVIS$dUk$erda
=100  1\$6880-01$aSurkov, Vladislav.
=245  10$6880-02$aTeksty 97-07 /$cVladislav Surkov.
=264  \1$aMoskva :$bEvropa,$c2008.
=300  \\$a1 online resource (189 pages)
=336  \\$atext$2rdacontent
=337  \\$acomputer$2rdamedia
=338  \\$aonline resource$2rdacarrier
=653  0\$aDomestic policy.
=653  0\$aPolitical science.
=776  08$iPrint version:$z9785973901547
=859  \\$aORR$bdonated ebook
=880  1\$6100-01/$aСурков, Владислав.
=880  10$6245-02/$aТексты 97-07 /$cВладислав Сурков.
=CAT  \\$aBATCH-EVEB$b00$c20170516$lBLL01$h0943
=SRC  \\$aEAST VIEW EBOOKS$bOUT_CM16047_28022017.lex
=LAS  \\$aBATCH-EVEB$b00$c20170516$lBLL01$h0943

