=LDR  01462 am a22003612i 4500
=001  018342838
=003  Uk
=005  20130522162323.0
=006  m\\\\||\\d\|\\\\\\
=007  cr\|||||||||||
=008  120130s2008\\\\ru\\\\\\o\\\\\000\0\rus\d
=FMT  \\$a  BK
=035  \\$a(RuMoEVIS)2054106BO
=040  \\$aRuMoEVIS$beng$cRuMoEVIS$dUk$erda
=100  1\$6880-01$aRybakov, Vladimir Vladimirovich.
=245  10$6880-02$aKhronika Adama Bremenskogo i pervye khristianskie missionery v Skandinavii /$cV. V. Rybakov.
=264  \1$aMoskva :$bI︠A︡zyki slavi︠a︡nskikh kulʹtur,$c2008.
=300  \\$a1 online resource (335 pages)
=336  \\$atext$2rdacontent
=337  \\$acomputer$2rdamedia
=338  \\$aonline resource$2rdacarrier
=653  0\$aChristianity.
=653  0\$aHistory and principles of religions.
=653  0\$aHistory of Northern Europe. Scandinavia.
=653  0\$aPhilosophy. Psychology. Religion.
=653  0\$aReligion (General)
=776  08$iPrint version:$z9785955102429
=859  \\$aORR$bdonated ebook
=880  1\$6100-01/$aРыбаков, Владимир Владимирович.
=880  10$6245-02/$aХроника Адама Бременского и первые христианские миссионеры в Скандинавии /$cВ. В. Рыбаков.
=CAT  \\$aBATCH-EVEB$b00$c20170516$lBLL01$h0943
=SRC  \\$aEAST VIEW EBOOKS$bOUT_CM16047_28022017.lex
=LAS  \\$aBATCH-EVEB$b00$c20170516$lBLL01$h0943

