=LDR  01367 am a22003732i 4500
=001  018342839
=003  Uk
=005  20130522162323.0
=006  m\\\\||\\d\|\\\\\\
=007  cr\|||||||||||
=008  120130s2008\\\\ru\\\\\\o\\\\\000\u\rus\d
=FMT  \\$a  BK
=035  \\$a(RuMoEVIS)2054107BO
=040  \\$aRuMoEVIS$beng$cRuMoEVIS$dUk$erda
=100  1\$6880-01$aChumakov, I︠U︡riĭ Nikolaevich.
=245  10$6880-02$aPushkin, Tiutchev :$bopyt immanentnykh rassmotrenii /$cI︠U︡. N. Chumakov.
=264  \1$aMoskva :$bI︠A︡zyki slavi︠a︡nskoĭ kulʹtury,$c2008.
=300  \\$a1 online resource (411 pages).
=336  \\$atext$2rdacontent
=337  \\$acomputer$2rdamedia
=338  \\$aonline resource$2rdacarrier
=490  0\$aStudia Philologica
=653  0\$aHistory and criticism.
=653  0\$aLanguage and literature.
=653  0\$aPoetry.
=653  0\$aPushkin.
=653  0\$aRussian literature.
=776  08$iPrint version:$z9785955102405
=859  \\$aORR$bdonated ebook
=880  1\$6100-01/$aЧумаков, Юрий Николаевич.
=880  10$6245-02/$aПушкин, Тютчев :$bопыт имманентных рассмотрений /$cЮ. Н. Чумаков.
=CAT  \\$aBATCH-EVEB$b00$c20170516$lBLL01$h0943
=SRC  \\$aEAST VIEW EBOOKS$bOUT_CM16047_28022017.lex
=LAS  \\$aBATCH-EVEB$b00$c20170516$lBLL01$h0943

