=LDR  01505 am a22003732i 4500
=001  018342845
=003  Uk
=005  20130522162324.0
=006  m\\\\||\\d\|\\\\\\
=007  cr\|||||||||||
=008  120130s2009\\\\ru\\\\\\o\\\\\000\0\rus\d
=FMT  \\$a  BK
=035  \\$a(RuMoEVIS)2054151BO
=040  \\$aRuMoEVIS$beng$cRuMoEVIS$dUk$erda
=245  00$6880-01$aPolnoe sobranie russkikh letopiseĭ.
=264  \1$aMoskva :$bZnak,$c2009.
=300  \\$a1 online resource (volume <29 (389 pages)>).
=336  \\$atext$2rdacontent
=337  \\$acomputer$2rdamedia
=338  \\$aonline resource$2rdacarrier
=490  0\$6880-02$aPolnoe sobranie russkikh letopisei ;$v29
=653  0\$aAuxiliary sciences of history.
=653  0\$aArchives.
=653  0\$aHistory of Russia. Soviet Union. Former Soviet Republics.
=653  0\$aRus'.
=774  18$tLetopiset︠s︡ nachala t︠s︡arstva T︠S︡ari︠a︡ i Velikogo Kni︠a︡zi︠a︡ Ivana Vasilʹevicha; Aleksandro-Nevskai︠a︡ letopisʹ; Lebedevskai︠a︡ letopisʹ$gTom 29 :
=776  08$iPrint version:$z9785955101736
=859  \\$aORR$bdonated ebook
=880  00$6245-01/$aПолное собрание русских летописей.
=880  0\$6490-02/$aПолное собрание русских летописей ;$v29
=CAT  \\$aBATCH-EVEB$b00$c20170516$lBLL01$h0943
=CAT  \\$aBATCH-UPD$b00$c20170516$lBLL01$h0943
=SRC  \\$aEAST VIEW EBOOKS$bOUT_CM16047_28022017.lex
=LAS  \\$aBATCH-UPD$b00$c20170516$lBLL01$h0943

