=LDR  01351 as a22003732i 4500
=001  018342846
=003  Uk
=005  20130522162325.0
=006  m\\\\||\\d\|\\\\\\
=007  cr\|||||||||||
=008  120130cuuuu9999ru\\u\\\o\d\\\000\c\rus\d
=FMT  \\$a  SE
=035  \\$a(RuMoEVIS)2054157BO
=040  \\$aRuMoEVIS$beng$cRuMoEVIS$dUk$erda
=245  00$6880-01$aRusskiĭ ėtimologicheskiĭ slovarʹ /$cA. E. Anikin.
=264  \1$aMoskva :$bRukopisnye pami︠a︡tniki Drevneĭ Rusi,$c-<2009>
=300  \\$a1 online resource (volume <3 (343 pages)>)
=310  \\$aCompletely irregular
=336  \\$atext$2rdacontent
=337  \\$acomputer$2rdamedia
=338  \\$aonline resource$2rdacarrier
=653  0\$aDictionaries and other reference general works.
=653  0\$aGeneral works.
=653  0\$aPhilology. Linguistics.
=653  0\$aRussian language.
=700  1\$aAnikin, Aleksandr Evgenʹevich.
=774  18$t(be--boldykhatʹ)$gVypusk 3 :
=776  08$iPrint version:$z9785955103563
=859  \\$aORR$bdonated ebook
=880  00$6245-01/$aРусский этимологический словарь /$cА. Е. Аникин.
=CAT  \\$aBATCH-EVEB$b00$c20170516$lBLL01$h0943
=CAT  \\$aBATCH-UPD$b00$c20170516$lBLL01$h0943
=SRC  \\$aEAST VIEW EBOOKS$bOUT_CM16047_28022017.lex
=LAS  \\$aBATCH-UPD$b00$c20170516$lBLL01$h0943

