=LDR  01779 am a22004092i 4500
=001  018342850
=003  Uk
=005  20130522162325.0
=006  m\\\\||\\d\|\\\\\\
=007  cr\|||||||||||
=008  120130s2008\\\\ru\\\\\\o\\\\\000\0\rus\d
=FMT  \\$a  BK
=035  \\$a(RuMoEVIS)2054165BO
=040  \\$aRuMoEVIS$beng$cRuMoEVIS$dUk$erda
=245  00$6880-01$aVesti-Kuranty :$b1656 g., 1660-1662 gg., 1664-1670 gg. /$cIssledovanie i podgotovka tekstov Ingrid Maĭer.
=264  \1$aMoskva :$bI︠A︡zyki slavi︠a︡nskikh kulʹtur,$c2008.
=300  \\$a1 online resource (volume <2 (700 pages)>).
=336  \\$atext$2rdacontent
=337  \\$acomputer$2rdamedia
=338  \\$aonline resource$2rdacarrier
=490  0\$6880-02$aVesti-Kuranty , 1656 g., 1660-1662 gg., 1664-1670 gg. ;$v2
=653  0\$aCommunication. Mass media.
=653  0\$aHistory (general) and history of Europe.
=653  0\$aHistory of Russia. Soviet Union. Former Soviet Republics.
=653  0\$aHouse of Romanov, 1613-1917.
=653  0\$aJournalism. The periodical press, etc.
=653  0\$aLanguage and literature.
=653  0\$aRussian language.
=774  18$tInostrannye originaly k russkim tekstam$gChastʹ 2 :
=776  08$iPrint version:$z9785955102757
=859  \\$aORR$bdonated ebook
=880  00$6245-01/$aВести-Куранты :$b1656 г., 1660-1662 гг., 1664-1670 гг. /$cИсследование и подготовка текстов Ингрид Майер.
=880  0\$6490-02/$aВести-Куранты , 1656 г., 1660-1662 гг., 1664-1670 гг. ;$v2
=CAT  \\$aBATCH-EVEB$b00$c20170516$lBLL01$h0943
=CAT  \\$aBATCH-UPD$b00$c20170516$lBLL01$h0943
=SRC  \\$aEAST VIEW EBOOKS$bOUT_CM16047_28022017.lex
=LAS  \\$aBATCH-UPD$b00$c20170516$lBLL01$h0943

