=LDR  01380 am a22003372i 4500
=001  018342851
=003  Uk
=005  20130522162326.0
=006  m\\\\||\\d\|\\\\\\
=007  cr\|||||||||||
=008  120131s2008\\\\ru\\\\\\o\\\\\000\0\rus\d
=FMT  \\$a  BK
=035  \\$a(RuMoEVIS)2054229BO
=040  \\$aRuMoEVIS$beng$cRuMoEVIS$dUk$erda
=245  00$6880-01$aOsetinskai︠a︡ tragedii︠a︡ :$bbelai︠a︡ kniga prestupleniĭ protiv I︠U︡zhnoĭ Osetii , avgust 2008 goda /$c[redaktor-sostavitelʹ: K. Tanaev].
=264  \1$aMoskva :$bEvropa,$c2008.
=300  \\$a1 online resource (334 pages)
=336  \\$atext$2rdacontent
=337  \\$acomputer$2rdamedia
=338  \\$aonline resource$2rdacarrier
=653  0\$aInternational relations.
=653  0\$aOsetia.
=653  0\$aPolitical science.
=653  0\$aPolitical crimes and offences.
=653  0\$aThe armed conflict. War and order.
=776  08$iPrint version:$z9785973901776
=859  \\$aORR$bdonated ebook
=880  00$6245-01/$aОсетинская трагедия :$bбелая книга преступлений против Южной Осетии , август 2008 года /$c[редактор-составитель: К. Танаев].
=CAT  \\$aBATCH-EVEB$b00$c20170516$lBLL01$h0943
=SRC  \\$aEAST VIEW EBOOKS$bOUT_CM16047_28022017.lex
=LAS  \\$aBATCH-EVEB$b00$c20170516$lBLL01$h0943

