=LDR  01445 am a22003972i 4500
=001  018342853
=003  Uk
=005  20130522162326.0
=006  m\\\\||\\d\|\\\\\\
=007  cr\|||||||||||
=008  120131s2008\\\\ru\\\\\\o\\\\\000\0\rus\d
=FMT  \\$a  BK
=035  \\$a(RuMoEVIS)2054238BO
=040  \\$aRuMoEVIS$beng$cRuMoEVIS$dUk$erda
=100  1\$6880-01$aSenderovich, Saveliĭ I︠A︡kovlevich.
=245  10$6880-02$aMorfologiia zagadki /$cS. I︠A︡. Senderovich.
=264  \1$aMoskva :$bI︠A︡zyki slavi︠a︡nskoĭ kulʹtury,$c2008.
=300  \\$a1 online resource (207 pages).
=336  \\$atext$2rdacontent
=337  \\$acomputer$2rdamedia
=338  \\$aonline resource$2rdacarrier
=490  0\$aStudia Philologica
=653  0\$aHistory of Philosophy, General.
=653  0\$aLanguage and literature.
=653  0\$aLiterature (General)
=653  0\$aPhilology. Linguistics.
=653  0\$aPhilosophy (General)
=653  0\$aRiddles, acrostics, charades, conundrums, etc.
=653  0\$aRussian literature.
=776  08$iPrint version:$z9785955102832
=859  \\$aORR$bdonated ebook
=880  1\$6100-01/$aСендерович, Савелий Яковлевич.
=880  10$6245-02/$aМорфология загадки /$cС. Я. Сендерович.
=CAT  \\$aBATCH-EVEB$b00$c20170516$lBLL01$h0943
=SRC  \\$aEAST VIEW EBOOKS$bOUT_CM16047_28022017.lex
=LAS  \\$aBATCH-EVEB$b00$c20170516$lBLL01$h0943

