=LDR  01818 am a22004572i 4500
=001  018342854
=003  Uk
=005  20130522162326.0
=006  m\\\\||\\d\|\\\\\\
=007  cr\|||||||||||
=008  120131s2009\\\\ru\\\\\\o\\\\\000\0\rus\d
=FMT  \\$a  BK
=035  \\$a(RuMoEVIS)2054241BO
=040  \\$aRuMoEVIS$beng$cRuMoEVIS$dUk$erda
=100  1\$6880-01$aIvanov, V. V.$q(Vi︠a︡cheslav Vsevolodovich),$d1929-2017
=245  10$6880-02$aIzbrannye trudy po semiotike i istorii kul'tury /$cVi︠a︡ch. Vs. Ivanov.
=264  \1$aMoskva :$bZnak,$c2009.
=300  \\$a1 online resource (379 pages).
=336  \\$atext$2rdacontent
=337  \\$acomputer$2rdamedia
=338  \\$aonline resource$2rdacarrier
=490  0\$6880-03$aI︠A︡zyk. Semiotika. Kulʹtura ;$v0.6
=653  0\$aCulture.
=653  0\$aFolk literature.
=653  0\$aLanguage and literature.
=653  0\$aLanguage. Linguistic theory. Comparative grammar.
=653  0\$aPhilology. Linguistics.
=653  0\$aSemiotics.
=653  0\$aThe myth. Comparative mythology.
=774  18$tIstorii︠a︡ nauki, nedavnee proshloe (XX vek)$gTom 6 :
=776  08$iPrint version:$z9785955103112
=859  \\$aORR$bdonated ebook
=880  1\$6100-01/$aИванов, Вячеслав Всеволодович.
=880  10$6245-02/$aИзбранные труды по семиотике и истории культуры /$cВяч. Вс. Иванов.
=880  0\$6490-03/$aЯзык. Семиотика. Культура ;$v0.6
=CAT  \\$aBATCH-EVEB$b00$c20170516$lBLL01$h0943
=CAT  \\$aBATCH-UPD$b00$c20170516$lBLL01$h0943
=CAT  \\$a5100$b40$c20171121$lBLL01$h0808
=CAT  \\$aBATCH-UPD$b40$c20171121$lBLL01$h0808
=SRC  \\$aEAST VIEW EBOOKS$bOUT_CM16047_28022017.lex
=LAS  \\$aBATCH-UPD$b40$c20171121$lBLL01$h0808

