=LDR  01311 am a22003612i 4500
=001  018342856
=003  Uk
=005  20130522162326.0
=006  m\\\\||\\d\|\\\\\\
=007  cr\|||||||||||
=008  120131s2009\\\\ru\\\\\\o\\\\\000\0\rus\d
=FMT  \\$a  BK
=035  \\$a(RuMoEVIS)2054246BO
=040  \\$aRuMoEVIS$beng$cRuMoEVIS$dUk$erda
=100  1\$6880-01$aKarasev, Leonid Vladimirovich.
=245  10$6880-02$aFleĭta Gamleta :$bocherk ontologicheskoĭ poėtiki /$cLeonid Karasev.
=264  \1$aMoskva :$bZnak,$c2009.
=300  \\$a1 online resource (205 pages)
=336  \\$atext$2rdacontent
=337  \\$acomputer$2rdamedia
=338  \\$aonline resource$2rdacarrier
=546  \\$aRussian, with summaries in English.
=653  0\$aCriticism.
=653  0\$aLanguage and literature.
=653  0\$aLiterature (General)
=653  0\$aPoetry.
=776  08$iPrint version:$z9785955103082
=859  \\$aORR$bdonated ebook
=880  1\$6100-01/$aКарасев, Леонид Владимирович.
=880  10$6245-02/$aФлейта Гамлета :$bочерк онтологической поэтики /$cЛеонид Карасев.
=CAT  \\$aBATCH-EVEB$b00$c20170516$lBLL01$h0943
=SRC  \\$aEAST VIEW EBOOKS$bOUT_CM16047_28022017.lex
=LAS  \\$aBATCH-EVEB$b00$c20170516$lBLL01$h0943

