=LDR  01780 am a22003972i 4500
=001  018342858
=003  Uk
=005  20130522162327.0
=006  m\\\\||\\d\|\\\\\\
=007  cr\|||||||||||
=008  120131s2009\\\\ru\\\\\\o\\\\\000\0\rus\d
=FMT  \\$a  BK
=035  \\$a(RuMoEVIS)2054251BO
=040  \\$aRuMoEVIS$beng$cRuMoEVIS$dUk$erda
=100  1\$6880-01$aZavʹi︠a︡lov, Vladimir Igorevich.
=245  10$6880-02$aIstorii︠a︡ kuznechnogo remesla finno-ugorskikh narodov Povolzhʹi︠a︡ i Preduralʹi︠a︡ :$bk probleme ėtnokulʹturnykh vzaimodeĭstviĭ /$cV. I. Zavʹi︠a︡lov, L. S. Rozanova, N. N. Terekhova.
=264  \1$aMoskva :$bZnak,$c2009.
=300  \\$a1 online resource (262 pages)
=336  \\$atext$2rdacontent
=337  \\$acomputer$2rdamedia
=338  \\$aonline resource$2rdacarrier
=546  \\$aRussian, with summaries in English.
=653  0\$aAuxiliary sciences of history.
=653  0\$aApplied anthropology.
=653  0\$aArchaeology.
=653  0\$aEthnology.
=653  0\$aEthnology. Social and cultural anthropology.
=653  0\$aMetalworking.
=653  0\$aRegions of Russia. Periphery.
=776  08$iPrint version:$z9785955102870
=859  \\$aORR$bdonated ebook
=880  1\$6100-01/$aЗавьялов, Владимир Игоревич.
=880  10$6245-02/$aИстория кузнечного ремесла финно-угорских народов Поволжья и Предуралья :$bк проблеме этнокультурных взаимодействий /$cВ. И. Завьялов, Л. С. Розанова, Н. Н. Терехова.
=CAT  \\$aBATCH-EVEB$b00$c20170516$lBLL01$h0943
=SRC  \\$aEAST VIEW EBOOKS$bOUT_CM16047_28022017.lex
=LAS  \\$aBATCH-EVEB$b00$c20170516$lBLL01$h0943

