=LDR  01291 am a22003132i 4500
=001  018342861
=003  Uk
=005  20130522162327.0
=006  m\\\\||\\d\|\\\\\\
=007  cr\|||||||||||
=008  120131s2009\\\\ru\\\\\\o\\\\\000\0\rus\d
=FMT  \\$a  BK
=035  \\$a(RuMoEVIS)2054254BO
=040  \\$aRuMoEVIS$beng$cRuMoEVIS$dUk$erda
=245  00$6880-01$aPist︠s︡ovye i perepisnye knigi staroĭ Russy kont︠s︡a XV--XVII vv. /$cSostavitelʹ I. I︠U︡. Ankudinov.
=264  \1$aMoskva :$bRukopisnye pami︠a︡tniki Drevneĭ Rusi,$c2009.
=300  \\$a1 online resource (532 pages)
=336  \\$atext$2rdacontent
=337  \\$acomputer$2rdamedia
=338  \\$aonline resource$2rdacarrier
=653  0\$aHistory (general) and history of Europe.
=653  0\$aHistory of Russia. Soviet Union. Former Soviet Republics.
=653  0\$aLocal history and description.
=776  08$iPrint version:$z9785955103105
=859  \\$aORR$bdonated ebook
=880  00$6245-01/$aПисцовые и переписные книги старой Руссы конца XV--XVII вв. /$cСоставитель И. Ю. Анкудинов.
=CAT  \\$aBATCH-EVEB$b00$c20170516$lBLL01$h0943
=SRC  \\$aEAST VIEW EBOOKS$bOUT_CM16047_28022017.lex
=LAS  \\$aBATCH-EVEB$b00$c20170516$lBLL01$h0943

