=LDR  01368 am a22003972i 4500
=001  018342862
=003  Uk
=005  20130522162327.0
=006  m\\\\||\\d\|\\\\\\
=007  cr\|||||||||||
=008  120131s2009\\\\ru\a\\\\o\\\\\000\0\rus\d
=FMT  \\$a  BK
=035  \\$a(RuMoEVIS)2054259BO
=040  \\$aRuMoEVIS$beng$cRuMoEVIS$dUk$erda
=100  1\$6880-01$aRybina, Elena Aleksandrovna.
=245  10$6880-02$aNovgorod i Ganza /$cE. A. Rybina.
=264  \1$aMoskva :$bRukopisnye pami︠a︡tniki Drevneĭ Rusi,$c2009.
=300  \\$a1 online resource (319 pages) :$billustrations
=336  \\$atext$2rdacontent
=337  \\$acomputer$2rdamedia
=338  \\$aonline resource$2rdacarrier
=653  0\$aAuxiliary sciences of history.
=653  0\$aArchaeology.
=653  0\$aCommerce.
=653  0\$aHistory.
=653  0\$aHistory (General)
=653  0\$aMedieval history.
=653  0\$aSocial sciences (General)
=776  08$iPrint version:$z9785955103310
=859  \\$aORR$bdonated ebook
=880  1\$6100-01/$aРыбина, Елена Александровна.
=880  10$6245-02/$aНовгород и Ганза /$cЕ. А. Рыбина.
=CAT  \\$aBATCH-EVEB$b00$c20170516$lBLL01$h0943
=CAT  \\$aBATCH-UPD$b00$c20170516$lBLL01$h0943
=SRC  \\$aEAST VIEW EBOOKS$bOUT_CM16047_28022017.lex
=LAS  \\$aBATCH-UPD$b00$c20170516$lBLL01$h0943

