=LDR  01379 am a22003372i 4500
=001  018342863
=003  Uk
=005  20130522162327.0
=006  m\\\\||\\d\|\\\\\\
=007  cr\|||||||||||
=008  120131s2009\\\\ru\\\\\\o\\\\\000\u\rus\d
=FMT  \\$a  BK
=035  \\$a(RuMoEVIS)2054265BO
=040  \\$aRuMoEVIS$beng$cRuMoEVIS$dUk$erda
=245  00$6880-01$aByzantinorossica :$bsvod vizantiĭskikh svidetelʹstv o Rusi Narrativnye pami︠a︡tniki /$cSostavitelʹ M.V. Bibikov.
=264  \1$aMoskva :$bRukopisnye pami︠a︡tniki Drevneĭ Rusi,$c2009.
=300  \\$a1 online resource (522 pages).
=336  \\$atext$2rdacontent
=337  \\$acomputer$2rdamedia
=338  \\$aonline resource$2rdacarrier
=490  0\$aStudia Philologica ;$v0.2
=653  0\$aClassical philology.
=653  0\$aCriticism, interpretation, etc.
=653  0\$aLanguage and literature.
=653  0\$aLanguage. Linguistic theory. Comparative grammar.
=776  08$iPrint version:$z9785955103334
=859  \\$aORR$bdonated ebook
=880  00$6245-01/$aByzantinorossica :$bсвод византийских свидетельств о Руси Нарративные памятники /$cСоставитель М.В. Бибиков.
=CAT  \\$aBATCH-EVEB$b00$c20170516$lBLL01$h0943
=SRC  \\$aEAST VIEW EBOOKS$bOUT_CM16047_28022017.lex
=LAS  \\$aBATCH-EVEB$b00$c20170516$lBLL01$h0943

