=LDR  01705 am a22004452i 4500
=001  018342865
=003  Uk
=005  20180705154332.0
=006  m\\\\||\\d\|\\\\\\
=007  cr\|||||||||||
=008  120131s2009\\\\ru\\\\\\o\\\\\000\0\rus\d
=FMT  \\$a  BK
=035  \\$a(RuMoEVIS)2054267BO
=040  \\$aRuMoEVIS$beng$cRuMoEVIS$dUk$erda
=049  \\$aEVEB
=100  1\$6880-01$aTrubachev, Oleg Nikolaevich.
=245  10$6880-02$aTrudy po ėtimologii :$bslovo, istorii︠a︡, kulʹtura /$cO. N. Trubachev.
=264  \1$aMoskva :$bRukopisnye pami︠a︡tniki Drevneĭ Rusi,$c2009.
=300  \\$a1 online resource (694 pages).
=336  \\$atext$2rdacontent
=337  \\$acomputer$2rdamedia
=338  \\$aonline resource$2rdacarrier
=490  0\$6880-03$aOpera etymologica. Zvuk i smysl ;$v0.4
=653  0\$aEtymology.
=653  0\$aLanguage and literature.
=653  0\$aLanguage. Linguistic theory. Comparative grammar.
=653  0\$aLexicology.
=653  0\$aPhilology. Linguistics.
=653  0\$aSlavic. Baltic. Albanian.
=774  18$tCD]$gTom 4 [s prilozheniem :
=776  08$iPrint version:$z9785955103242
=859  \\$aORR$bdonated ebook
=880  1\$6100-01/$aТрубачев, Олег Николаевич.
=880  10$6245-02/$aТруды по этимологии :$bслово, история, культура /$cО. Н. Трубачев.
=880  0\$6490-03/$aOpera etymologica. Звук и смысл ;$v0.4
=CAT  \\$aBATCH-EVEB$b00$c20170516$lBLL01$h0943
=CAT  \\$aBATCH-UPD$b00$c20170516$lBLL01$h0943
=CAT  \\$a11279$b40$c20180705$lBLL01$h1543
=SRC  \\$aEAST VIEW EBOOKS$bOUT_CM16047_28022017.lex
=LAS  \\$a11279$b40$c20180705$lBLL01$h1543

