=LDR  01395 am a22003612i 4500
=001  018342866
=003  Uk
=005  20130522162328.0
=006  m\\\\||\\d\|\\\\\\
=007  cr\|||||||||||
=008  120131s2009\\\\ru\c\\\\o\\\\\000\0\rus\d
=FMT  \\$a  BK
=035  \\$a(RuMoEVIS)2054269BO
=040  \\$aRuMoEVIS$beng$cRuMoEVIS$dUk$erda
=100  1\$6880-01$aKozhevnikova, Natalʹi︠a︡ Alekseevna.
=245  10$6880-02$aIzbrannye raboty po i︠a︡zyku khudozhestvennoĭ literatury /$cN. A. Kozhevnikova.
=264  \1$aMoskva :$bZnak,$c2009.
=300  \\$a1 online resource (892 pages)
=336  \\$atext$2rdacontent
=337  \\$acomputer$2rdamedia
=338  \\$aonline resource$2rdacarrier
=653  0\$aLanguage and literature.
=653  0\$aLanguage. Linguistic theory. Comparative grammar.
=653  0\$aLexicology.
=653  0\$aPhilology. Linguistics.
=653  0\$aStyle. Composition. Rhetoric.
=776  08$iPrint version:$z9785955103174
=859  \\$aORR$bdonated ebook
=880  1\$6100-01/$aКожевникова, Наталья Алексеевна.
=880  10$6245-02/$aИзбранные работы по языку художественной литературы /$cН. А. Кожевникова.
=CAT  \\$aBATCH-EVEB$b00$c20170516$lBLL01$h0943
=SRC  \\$aEAST VIEW EBOOKS$bOUT_CM16047_28022017.lex
=LAS  \\$aBATCH-EVEB$b00$c20170516$lBLL01$h0943

