=LDR  01291 am a22003492i 4500
=001  018342867
=003  Uk
=005  20130522162328.0
=006  m\\\\||\\d\|\\\\\\
=007  cr\|||||||||||
=008  120131s2009\\\\ru\\\\\\o\\\\\000\0\rus\d
=FMT  \\$a  BK
=035  \\$a(RuMoEVIS)2054271BO
=040  \\$aRuMoEVIS$beng$cRuMoEVIS$dUk$erda
=100  1\$6880-01$aMakhlin, Vitaliĭ Lʹvovich.
=245  10$6880-02$aVtoroe soznanie :$bpodstupy k gumanitarnoĭ ėpistemologii /$cV. L. Makhlin.
=264  \1$aMoskva :$bZnak,$c2009.
=300  \\$a1 online resource (626 pages)
=336  \\$atext$2rdacontent
=337  \\$acomputer$2rdamedia
=338  \\$aonline resource$2rdacarrier
=653  0\$aPhilosophy. Psychology. Religion.
=653  0\$aPhilology. Linguistics.
=653  0\$aPhilosophy (General)
=653  0\$aPsychology.
=776  08$iPrint version:$z9785955103280
=859  \\$aORR$bdonated ebook
=880  1\$6100-01/$aМахлин, Виталий Львович.
=880  10$6245-02/$aВторое сознание :$bподступы к гуманитарной эпистемологии /$cВ. Л. Махлин.
=CAT  \\$aBATCH-EVEB$b00$c20170516$lBLL01$h0943
=SRC  \\$aEAST VIEW EBOOKS$bOUT_CM16047_28022017.lex
=LAS  \\$aBATCH-EVEB$b00$c20170516$lBLL01$h0943

