=LDR  01230 am a22003132i 4500
=001  018342869
=003  Uk
=005  20130522162328.0
=006  m\\\\||\\d\|\\\\\\
=007  cr\|||||||||||
=008  120131s2009\\\\ru\\\\\\o\\\\\000\0\rus\d
=FMT  \\$a  BK
=035  \\$a(RuMoEVIS)2054276BO
=040  \\$aRuMoEVIS$beng$cRuMoEVIS$dUk$erda
=245  00$6880-01$aPerepiska V.A. Zhukovskogo i A.P. Elaginoĭ, 1813-1852 /$c[sost., podg. teksta, st. i komment.: Ė. M. Zhili︠a︡kovoĭ].
=264  \1$aMoskva :$bZnak,$c2009.
=300  \\$a1 online resource (720 pages)
=336  \\$atext$2rdacontent
=337  \\$acomputer$2rdamedia
=338  \\$aonline resource$2rdacarrier
=653  0\$aLanguage and literature.
=653  0\$aLetters (Literary history)
=653  0\$aLiterature (General)
=776  08$iPrint version:$z9785955103297
=859  \\$aORR$bdonated ebook
=880  00$6245-01/$aПереписка В.А. Жуковского и А.П. Елагиной, 1813-1852 /$c[сост., подг. текста, ст. и коммент.: Э. М. Жиляковой].
=CAT  \\$aBATCH-EVEB$b00$c20170516$lBLL01$h0943
=SRC  \\$aEAST VIEW EBOOKS$bOUT_CM16047_28022017.lex
=LAS  \\$aBATCH-EVEB$b00$c20170516$lBLL01$h0943

