=LDR  01395 am a22003372i 4500
=001  018342872
=003  Uk
=005  20130522162329.0
=006  m\\\\||\\d\|\\\\\\
=007  cr\|||||||||||
=008  120131s2009\\\\ru\\\\\\o\\\\\000\0\rus\d
=FMT  \\$a  BK
=035  \\$a(RuMoEVIS)2054294BO
=040  \\$aRuMoEVIS$beng$cRuMoEVIS$dUk$erda
=245  00$6880-01$aGosudarstva Alʹpiĭskogo regiona i strany Benili︠u︡ks v meni︠a︡i︠u︡shcheĭsi︠a︡ Evrope /$cPod redakt︠s︡ieĭ V. I︠A︡. Shveĭt︠s︡era.
=264  \1$aMoskva :$bVesʹ Mir,$c2009.
=300  \\$a1 online resource (542 pages).
=336  \\$atext$2rdacontent
=337  \\$acomputer$2rdamedia
=338  \\$aonline resource$2rdacarrier
=490  0\$6880-02$aStaryĭ svet--novye vremena
=653  0\$aForeign policy.
=653  0\$aInternational relations.
=653  0\$aPolitical science.
=776  08$iPrint version:$z9785777704559
=859  \\$aORR$bdonated ebook
=880  00$6245-01/$aГосударства Альпийского региона и страны Бенилюкс в меняющейся Европе /$cПод редакцией В. Я. Швейцера.
=880  0\$6490-02/$aСтарый свет--новые времена
=CAT  \\$aBATCH-EVEB$b00$c20170516$lBLL01$h0943
=SRC  \\$aEAST VIEW EBOOKS$bOUT_CM16047_28022017.lex
=LAS  \\$aBATCH-EVEB$b00$c20170516$lBLL01$h0943

