=LDR  01480 am a22003852i 4500
=001  018342874
=003  Uk
=005  20130522162329.0
=006  m\\\\||\\d\|\\\\\\
=007  cr\|||||||||||
=008  120131s2009\\\\ru\o\\\\o\\\\\000\0\rus\d
=FMT  \\$a  BK
=035  \\$a(RuMoEVIS)2054297BO
=040  \\$aRuMoEVIS$beng$cRuMoEVIS$dUk$erda
=100  1\$6880-01$aZapalʹskiĭ, Gleb Mikhaĭlovich.
=245  10$6880-02$aOptina pustynʹ i ee vospitanniki v 1825-1917 godakh /$cG. M. Zapalʹskiĭ.
=264  \1$aMoskva :$bRukopisnye pami︠a︡tniki Drevneĭ Rusi,$c2009.
=300  \\$a1 online resource (413 pages)
=336  \\$atext$2rdacontent
=337  \\$acomputer$2rdamedia
=338  \\$aonline resource$2rdacarrier
=546  \\$aRussian, with summaries in English.
=653  0\$aHistory and principles of religions.
=653  0\$aMonasteries. Temples, etc.
=653  0\$aOrthodox Eastern Church.
=653  0\$aPhilosophy. Psychology. Religion.
=653  0\$aReligion (General)
=653  0\$aRussian Church.
=776  08$iPrint version:$z9785955103433
=859  \\$aORR$bdonated ebook
=880  1\$6100-01/$aЗапальский, Глеб Михайлович.
=880  10$6245-02/$aОптина пустынь и ее воспитанники в 1825-1917 годах /$cГ. М. Запальский.
=CAT  \\$aBATCH-EVEB$b00$c20170516$lBLL01$h0943
=SRC  \\$aEAST VIEW EBOOKS$bOUT_CM16047_28022017.lex
=LAS  \\$aBATCH-EVEB$b00$c20170516$lBLL01$h0943

