=LDR  01536 am a22003492i 4500
=001  018342876
=003  Uk
=005  20130522162329.0
=006  m\\\\||\\d\|\\\\\\
=007  cr\|||||||||||
=008  120131s2009\\\\ru\\\\\\o\\\\\000\0\rus\d
=FMT  \\$a  BK
=035  \\$a(RuMoEVIS)2054329BO
=040  \\$aRuMoEVIS$beng$cRuMoEVIS$dUk$erda
=100  1\$6880-01$aShustova, I︠U︡lii︠a︡ Ėduardovna.
=245  10$6880-02$aDokumenty Lʹvovskogo Uspenskogo Stavropigiĭskogo bratstva (1586-1788) :$bistochnikovedcheskoe issledovanie /$cI︠U︡. Ė. Shustova.
=264  \1$aMoskva :$bRukopisnye pami︠a︡tniki Drevneĭ Rusi,$c2009.
=300  \\$a1 online resource (646 pages)
=336  \\$atext$2rdacontent
=337  \\$acomputer$2rdamedia
=338  \\$aonline resource$2rdacarrier
=653  0\$aHistory (general) and history of Europe.
=653  0\$aHistory of Russia. Soviet Union. Former Soviet Republics.
=653  0\$aLocal history and description.
=653  0\$aUkraine.
=776  08$iPrint version:$z9785955103341
=859  \\$aORR$bdonated ebook
=880  1\$6100-01/$aШустова, Юлия Эдуардовна.
=880  10$6245-02/$aДокументы Львовского Успенского Ставропигийского братства (1586-1788) :$bисточниковедческое исследование /$cЮ. Э. Шустова.
=CAT  \\$aBATCH-EVEB$b00$c20170516$lBLL01$h0943
=SRC  \\$aEAST VIEW EBOOKS$bOUT_CM16047_28022017.lex
=LAS  \\$aBATCH-EVEB$b00$c20170516$lBLL01$h0943

