=LDR  01282 am a22003372i 4500
=001  018342877
=003  Uk
=005  20130522162330.0
=006  m\\\\||\\d\|\\\\\\
=007  cr\|||||||||||
=008  120131s2009\\\\ru\\\\\\o\\\\\000\0\rus\d
=FMT  \\$a  BK
=035  \\$a(RuMoEVIS)2054330BO
=040  \\$aRuMoEVIS$beng$cRuMoEVIS$dUk$erda
=100  1\$6880-01$aChernykh, Evgeniĭ Nikolaevich.
=245  10$6880-02$aStepnoĭ poi︠a︡s Evrazii :$bfenomen kochevykh kulʹtur /$cE. N. Chernykh.
=264  \1$aMoskva :$bRukopisnye pami︠a︡tniki Drevneĭ Rusi,$c2009.
=300  \\$a1 online resource (622 pages)
=336  \\$atext$2rdacontent
=337  \\$acomputer$2rdamedia
=338  \\$aonline resource$2rdacarrier
=653  0\$aAuxiliary sciences of history.
=653  0\$aArchaeology.
=653  0\$aHistory of Civilization.
=776  08$iPrint version:$z9785955102900
=859  \\$aORR$bdonated ebook
=880  1\$6100-01/$aЧерных, Евгений Николаевич.
=880  10$6245-02/$aСтепной пояс Евразии :$bфеномен кочевых культур /$cЕ. Н. Черных.
=CAT  \\$aBATCH-EVEB$b00$c20170516$lBLL01$h0943
=SRC  \\$aEAST VIEW EBOOKS$bOUT_CM16047_28022017.lex
=LAS  \\$aBATCH-EVEB$b00$c20170516$lBLL01$h0943

