=LDR  01445 am a22003732i 4500
=001  018342879
=003  Uk
=005  20130522162330.0
=006  m\\\\||\\d\|\\\\\\
=007  cr\|||||||||||
=008  120131s2009\\\\ru\\\\\\o\\\\\000\0\rus\d
=FMT  \\$a  BK
=035  \\$a(RuMoEVIS)2054361BO
=040  \\$aRuMoEVIS$beng$cRuMoEVIS$dUk$erda
=100  1\$6880-01$aT︠S︡eĭtlin, Sella Naumovna.
=245  10$6880-02$aOcherki po slovoobrazovanii︠u︡ i formoobrazovanii︠u︡ v detskoĭ rechi /$cS. N. T︠S︡eĭtlin.
=264  \1$aMoskva :$bZnak,$c2009.
=300  \\$a1 online resource (592 pages).
=336  \\$atext$2rdacontent
=337  \\$acomputer$2rdamedia
=338  \\$aonline resource$2rdacarrier
=490  0\$aStudia Philologica
=653  0\$aLanguage and literature.
=653  0\$aLanguage. Linguistic theory. Comparative grammar.
=653  0\$aPhilology. Linguistics.
=653  0\$aRussian language.
=653  0\$aScience of language (Linguistics)
=776  08$iPrint version:$z9785955103518
=859  \\$aORR$bdonated ebook
=880  1\$6100-01/$aЦейтлин, Селла Наумовна.
=880  10$6245-02/$aОчерки по словообразованию и формообразованию в детской речи /$cС. Н. Цейтлин.
=CAT  \\$aBATCH-EVEB$b00$c20170516$lBLL01$h0943
=SRC  \\$aEAST VIEW EBOOKS$bOUT_CM16047_28022017.lex
=LAS  \\$aBATCH-EVEB$b00$c20170516$lBLL01$h0943

