=LDR  01381 am a22003492i 4500
=001  018342880
=003  Uk
=005  20130522162330.0
=006  m\\\\||\\d\|\\\\\\
=007  cr\|||||||||||
=008  120131s2010\\\\ru\\\\\\o\\\\\000\0\rus\d
=FMT  \\$a  BK
=035  \\$a(RuMoEVIS)2054367BO
=040  \\$aRuMoEVIS$beng$cRuMoEVIS$dUk$erda
=100  1\$6880-01$aChernyĭ, Valentin Dmitrievich.
=245  10$6880-02$aRusskie srednevekovye sady :$bopyt klassifikat︠s︡ii /$cV. D. Chernyĭ.
=264  \1$aMoskva :$bRukopisnye pami︠a︡tniki Drevneĭ Rusi,$c2010.
=300  \\$a1 online resource (174 pages)
=336  \\$atext$2rdacontent
=337  \\$acomputer$2rdamedia
=338  \\$aonline resource$2rdacarrier
=653  0\$aHistory (general) and history of Europe.
=653  0\$aHistory of Russia. Soviet Union. Former Soviet Republics.
=653  0\$aLandscape gardening. Landscape architecture.
=653  0\$aRus'.
=776  08$iPrint version:$z9785955103716
=859  \\$aORR$bdonated ebook
=880  1\$6100-01/$aЧерный, Валентин Дмитриевич.
=880  10$6245-02/$aРусские средневековые сады :$bопыт классификации /$cВ. Д. Черный.
=CAT  \\$aBATCH-EVEB$b00$c20170516$lBLL01$h0943
=SRC  \\$aEAST VIEW EBOOKS$bOUT_CM16047_28022017.lex
=LAS  \\$aBATCH-EVEB$b00$c20170516$lBLL01$h0943

