=LDR  01384 am a22003492i 4500
=001  018342883
=003  Uk
=005  20130522162331.0
=006  m\\\\||\\d\|\\\\\\
=007  cr\|||||||||||
=008  120131s2009\\\\ru\\\\\\o\\\\\000\0\rus\d
=FMT  \\$a  BK
=035  \\$a(RuMoEVIS)2054371BO
=040  \\$aRuMoEVIS$beng$cRuMoEVIS$dUk$erda
=100  1\$6880-01$aUzhankov, Aleksandr Nikolaevich.
=245  10$6880-02$aProblemy istoriografii i tekstologii drevnerusskikh pami︠a︡tnikov XI-XIII vekov /$cA. N. Uzhankov.
=264  \1$aMoskva :$bRukopisnye pami︠a︡tniki Drevneĭ Rusi,$c2009.
=300  \\$a1 online resource (439 pages)
=336  \\$atext$2rdacontent
=337  \\$acomputer$2rdamedia
=338  \\$aonline resource$2rdacarrier
=653  0\$aCriticism.
=653  0\$aHistoriography.
=653  0\$aLanguage and literature.
=653  0\$aLiterature (General)
=776  08$iPrint version:$z9785955103693
=859  \\$aORR$bdonated ebook
=880  1\$6100-01/$aУжанков, Александр Николаевич.
=880  10$6245-02/$aПроблемы историографии и текстологии древнерусских памятников XI-XIII веков /$cА. Н. Ужанков.
=CAT  \\$aBATCH-EVEB$b00$c20170516$lBLL01$h0943
=SRC  \\$aEAST VIEW EBOOKS$bOUT_CM16047_28022017.lex
=LAS  \\$aBATCH-EVEB$b00$c20170516$lBLL01$h0943

