=LDR  01331 as a22003372i 4500
=001  018342885
=003  Uk
=005  20130522162331.0
=006  m\\\\||\\d\|\\\\\\
=007  cr\|||||||||||
=008  120131cuuuu9999ru\\u\\\o\\\\\000\c\rus\d
=FMT  \\$a  SE
=035  \\$a(RuMoEVIS)2054386BO
=040  \\$aRuMoEVIS$beng$cRuMoEVIS$dUk$erda
=245  00$6880-01$aFilosofii︠a︡ religii :$balʹmanakh, 2008-2009 /$c[otv. red.: V. K. Shokhina].
=264  \1$aMoskva :$bI︠A︡zyki slavi︠a︡nskikh kulʹtur,$c-<2010>
=300  \\$a1 online resource (volume <2008-2009 (527 pages)>)
=310  \\$aCompletely irregular
=336  \\$atext$2rdacontent
=337  \\$acomputer$2rdamedia
=338  \\$aonline resource$2rdacarrier
=653  0\$aPhilosophy. Psychology. Religion.
=653  0\$aPhilosophy (General)
=653  0\$aPhilosophy of religion. Psychology of religion. Religion in relation to other subjects.
=653  0\$aYearbooks. Almanacs. Directories.
=776  08$iPrint version:$z9785955103648
=859  \\$aORR$bdonated ebook
=880  00$6245-01/$aФилософия религии :$bальманах, 2008-2009 /$c[отв. ред.: В. К. Шохина].
=CAT  \\$aBATCH-EVEB$b00$c20170516$lBLL01$h0943
=SRC  \\$aEAST VIEW EBOOKS$bOUT_CM16047_28022017.lex
=LAS  \\$aBATCH-EVEB$b00$c20170516$lBLL01$h0943

