=LDR  01522 am a22003492i 4500
=001  018342889
=003  Uk
=005  20130522162331.0
=006  m\\\\||\\d\|\\\\\\
=007  cr\|||||||||||
=008  120131s2010\\\\ru\\\\\\od\\\\000\0\rus\d
=FMT  \\$a  BK
=035  \\$a(RuMoEVIS)2054396BO
=040  \\$aRuMoEVIS$beng$cRuMoEVIS$dUk$erda
=100  1\$6880-01$aKolbeneva, Marina Gennadʹevna.
=245  10$6880-02$aOrgany chuvstv, ėmot︠s︡ii i prilagatelʹnye russkogo i︠a︡zyka :$blingvo-psikhologicheskiĭ slovarʹ /$cM. G. Kolbeneva, I︠U︡. I. Aleksandrov.
=264  \1$aMoskva :$bI︠A︡zyki slavi︠a︡nskikh kulʹtur,$c2010.
=300  \\$a1 online resource (366 pages)
=336  \\$atext$2rdacontent
=337  \\$acomputer$2rdamedia
=338  \\$aonline resource$2rdacarrier
=653  0\$aDictionaries and other reference general works.
=653  0\$aGeneral works.
=653  0\$aPhilology. Linguistics.
=653  0\$aPsychology.
=776  08$iPrint version:$z9785955103846
=859  \\$aORR$bdonated ebook
=880  1\$6100-01/$aКолбенева, Марина Геннадьевна.
=880  10$6245-02/$aОрганы чувств, эмоции и прилагательные русского языка :$bлингво-психологический словарь /$cМ. Г. Колбенева, Ю. И. Александров.
=CAT  \\$aBATCH-EVEB$b00$c20170516$lBLL01$h0943
=SRC  \\$aEAST VIEW EBOOKS$bOUT_CM16047_28022017.lex
=LAS  \\$aBATCH-EVEB$b00$c20170516$lBLL01$h0943

