=LDR  01287 am a22003612i 4500
=001  018342891
=003  Uk
=005  20130522162332.0
=006  m\\\\||\\d\|\\\\\\
=007  cr\|||||||||||
=008  120131s2010\\\\ru\\\\\\o\\\\\000\0\rus\d
=FMT  \\$a  BK
=035  \\$a(RuMoEVIS)2054413BO
=040  \\$aRuMoEVIS$beng$cRuMoEVIS$dUk$erda
=100  1\$6880-01$aKordonskiĭ, Simon.
=245  10$6880-02$aRossii︠a︡ :$bpomestnai︠a︡ federat︠s︡ii︠a︡ /$cSimon Kordonskiĭ.
=264  \1$aMoskva :$bEvropa,$c2010.
=300  \\$a1 online resource (303 pages).
=336  \\$atext$2rdacontent
=337  \\$acomputer$2rdamedia
=338  \\$aonline resource$2rdacarrier
=490  0\$6880-03$aPolitucheba
=653  0\$aDomestic policy.
=653  0\$aLocal government. Municipal government.
=653  0\$aPolitical science.
=776  08$iPrint version:$z9785973901929
=859  \\$aORR$bdonated ebook
=880  1\$6100-01/$aКордонский, Симон.
=880  10$6245-02/$aРоссия :$bпоместная федерация /$cСимон Кордонский.
=880  0\$6490-03/$aПолитучеба
=CAT  \\$aBATCH-EVEB$b00$c20170516$lBLL01$h0943
=SRC  \\$aEAST VIEW EBOOKS$bOUT_CM16047_28022017.lex
=LAS  \\$aBATCH-EVEB$b00$c20170516$lBLL01$h0943

