=LDR  01665 am a22003852i 4500
=001  018342892
=003  Uk
=005  20130522162332.0
=006  m\\\\||\\d\|\\\\\\
=007  cr\|||||||||||
=008  120131s2010\\\\ru\\\\\\o\\\\\000\1\rus\d
=FMT  \\$a  BK
=035  \\$a(RuMoEVIS)2054417BO
=040  \\$aRuMoEVIS$beng$cRuMoEVIS$dUk$erda
=100  1\$6880-01$aZhukovskiĭ, Vasiliĭ Andreevich.
=245  10$6880-02$aPolnoe sobranie sochineniĭ i pisem :$bv dvadt︠s︡ati tomakh /$cV. A. Zhukovskiĭ.
=264  \1$aMoskva :$bI︠A︡zyki slavi︠a︡nskikh kulʹtur,$c2010.
=300  \\$a1 online resource (volume <5 (424 pages)>).
=336  \\$atext$2rdacontent
=337  \\$acomputer$2rdamedia
=338  \\$aonline resource$2rdacarrier
=490  0\$6880-03$aPolnoe sobranie sochineniĭ i pisem , v 20 tomakh [Zhukovskiĭ, V.A.]. ;$v5
=653  0\$aLanguage and literature.
=653  0\$aPoetry.
=653  0\$aRussian literature.
=774  18$tĖpicheskie stikhotvorenii︠a︡$gTom 5 :
=776  08$iPrint version:$z9785955103983
=859  \\$aORR$bdonated ebook
=880  1\$6100-01/$aЖуковский, Василий Андреевич.
=880  10$6245-02/$aПолное собрание сочинений и писем :$bв двадцати томах /$cВ. А. Жуковский.
=880  0\$6490-03/$aПолное собрание сочинений и писем , в 20 томах [Жуковский, В.А.] ;$v5
=CAT  \\$aBATCH-EVEB$b00$c20170516$lBLL01$h0943
=CAT  \\$aBATCH-UPD$b00$c20170516$lBLL01$h0943
=SRC  \\$aEAST VIEW EBOOKS$bOUT_CM16047_28022017.lex
=LAS  \\$aBATCH-UPD$b00$c20170516$lBLL01$h0943

