=LDR  01361 am a22003612i 4500
=001  018342895
=003  Uk
=005  20130522162332.0
=006  m\\\\||\\d\|\\\\\\
=007  cr\|||||||||||
=008  120131s2010\\\\ru\\\\\\o\\\\\000\0\rus\d
=FMT  \\$a  BK
=035  \\$a(RuMoEVIS)2054446BO
=040  \\$aRuMoEVIS$beng$cRuMoEVIS$dUk$erda
=100  1\$6880-01$aAĭrapeti︠a︡n, Vardan.
=245  10$6880-02$aTolkovanie na anekdot pro devi︠a︡tykh li︠u︡deĭ /$cVardan Aĭrapeti︠a︡n.
=264  \1$aMoskva :$bI︠A︡zyki slavi︠a︡nskoĭ kulʹtury,$c2010.
=300  \\$a1 online resource (73 pages).
=336  \\$atext$2rdacontent
=337  \\$acomputer$2rdamedia
=338  \\$aonline resource$2rdacarrier
=490  0\$aStudia Philologica. Series minor
=653  0\$aFolk literature.
=653  0\$aLanguage and literature.
=653  0\$aLiterature (General)
=776  08$iPrint version:$z9785955103938
=859  \\$aORR$bdonated ebook
=880  1\$6100-01/$aАйрапетян, Вардан.
=880  10$6245-02/$aТолкование на анекдот про девятых людей /$cВардан Айрапетян.
=CAT  \\$aBATCH-EVEB$b00$c20170516$lBLL01$h0943
=CAT  \\$aBATCH-UPD$b00$c20170516$lBLL01$h0943
=SRC  \\$aEAST VIEW EBOOKS$bOUT_CM16047_28022017.lex
=LAS  \\$aBATCH-UPD$b00$c20170516$lBLL01$h0943

