=LDR  01335 am a22003372i 4500
=001  018342897
=003  Uk
=005  20130522162333.0
=006  m\\\\||\\d\|\\\\\\
=007  cr\|||||||||||
=008  120131s2010\\\\ru\\\\\\o\\\\\000\0\rus\d
=FMT  \\$a  BK
=035  \\$a(RuMoEVIS)2054452BO
=040  \\$aRuMoEVIS$beng$cRuMoEVIS$dUk$erda
=245  00$6880-01$aMonitoring agressivnoĭ ksenofobii :$brekomendat︠s︡ii dli︠a︡ obshchestvennykh aktivistov /$cKozhevnikova, Galina V.
=264  \1$aMoskva :$bSova :$bMezhdunarodnoe Molodezhnoe Pravozashchitnoe Dvizhenie,$c2010.
=300  \\$a1 online resource (80 pages)
=336  \\$atext$2rdacontent
=337  \\$acomputer$2rdamedia
=338  \\$aonline resource$2rdacarrier
=653  0\$aDomestic policy.
=653  0\$aEthnology.
=653  0\$aHuman rights.
=653  0\$aPolitical science.
=653  0\$aSociology (General)
=776  08$iPrint version:$z9785984180146
=859  \\$aORR$bdonated ebook
=880  00$6245-01/$aМониторинг агрессивной ксенофобии :$bрекомендации для общественных активистов /$cКожевникова, Галина В.
=CAT  \\$aBATCH-EVEB$b00$c20170516$lBLL01$h0943
=SRC  \\$aEAST VIEW EBOOKS$bOUT_CM16047_28022017.lex
=LAS  \\$aBATCH-EVEB$b00$c20170516$lBLL01$h0943

