=LDR  01614 am a22003972i 4500
=001  018342898
=003  Uk
=005  20130522162333.0
=006  m\\\\||\\d\|\\\\\\
=007  cr\|||||||||||
=008  120131s2010\\\\ru\\\\\\o\\\\\000\0\rus\d
=FMT  \\$a  BK
=035  \\$a(RuMoEVIS)2054462BO
=040  \\$aRuMoEVIS$beng$cRuMoEVIS$dUk$erda
=100  1\$6880-01$aMikhaĭlov, A. D.
=245  10$6880-02$aOt Fransua Viĭona do Marseli︠a︡ Prusta :$bstranit︠s︡y istorii frant︠s︡uzskoĭ literatury Novogo vremeni XVI--XIX veka /$cA. D. Mikhaĭlov.
=264  \1$aMoskva :$bI︠A︡zyki slavi︠a︡nskikh kulʹtur,$c2010.
=300  \\$a1 online resource (volume <2 (624 pages)>).
=336  \\$atext$2rdacontent
=337  \\$acomputer$2rdamedia
=338  \\$aonline resource$2rdacarrier
=490  0\$aStudia Philologica ;$v2.0
=653  0\$aCriticism.
=653  0\$aLanguage and literature.
=653  0\$aLiterature (General)
=653  0\$aModern.
=653  0\$aTheory. Philosophy. Esthetics.
=774  18$gTom 2
=776  08$iPrint version:$z9785955103679
=859  \\$aORR$bdonated ebook
=880  1\$6100-01/$aМихайлов, А. Д.
=880  10$6245-02/$aОт Франсуа Вийона до Марселя Пруста :$bстраницы истории французской литературы Нового времени XVI--XIX века /$cА. Д. Михайлов.
=CAT  \\$aBATCH-EVEB$b00$c20170516$lBLL01$h0943
=CAT  \\$aBATCH-UPD$b00$c20170516$lBLL01$h0944
=SRC  \\$aEAST VIEW EBOOKS$bOUT_CM16047_28022017.lex
=LAS  \\$aBATCH-UPD$b00$c20170516$lBLL01$h0944

