=LDR  00940 am a22003132i 4500
=001  018342899
=003  Uk
=005  20130522162333.0
=006  m\\\\||\\d\|\\\\\\
=007  cr\|||||||||||
=008  120131s2010\\\\ru\\\\\\o\\\\\000\0\eng\d
=FMT  \\$a  BK
=035  \\$a(RuMoEVIS)2054466BO
=040  \\$aRuMoEVIS$beng$cRuMoEVIS$dUk$erda
=100  1\$aSurkov, Vladislav.
=245  10$aTexts 1997-2010 /$cVladislav Surkov.
=264  \1$aMoscow :$bEvropa,$c2010.
=300  \\$a1 online resource (141 pages)
=336  \\$atext$2rdacontent
=337  \\$acomputer$2rdamedia
=338  \\$aonline resource$2rdacarrier
=546  \\$aIn English.
=653  0\$aDomestic policy.
=653  0\$aPolitical science.
=776  08$iPrint version:$z9785973901967
=859  \\$aORR$bdonated ebook
=CAT  \\$aBATCH-EVEB$b00$c20170516$lBLL01$h0943
=SRC  \\$aEAST VIEW EBOOKS$bOUT_CM16047_28022017.lex
=LAS  \\$aBATCH-EVEB$b00$c20170516$lBLL01$h0943

