=LDR  01389 am a22003372i 4500
=001  018342900
=003  Uk
=005  20130522162333.0
=006  m\\\\||\\d\|\\\\\\
=007  cr\|||||||||||
=008  120131s2011\\\\ru\\\\\\o\\\\\000\0\rus\d
=FMT  \\$a  BK
=035  \\$a(RuMoEVIS)2054468BO
=040  \\$aRuMoEVIS$beng$cRuMoEVIS$dUk$erda
=100  1\$6880-01$aT︠S︡ymburskiĭ, Vadim.
=245  10$6880-02$aKonʺi︠u︡nktury zemli i vremeni :$bgeopoliticheskie i khronopoliticheskie intellektualʹnye rassledovanii︠a︡ /$cVadim T︠S︡ymburskiĭ.
=264  \1$aMoskva :$bEvropa,$c2011.
=300  \\$a1 online resource (370 pages)
=336  \\$atext$2rdacontent
=337  \\$acomputer$2rdamedia
=338  \\$aonline resource$2rdacarrier
=653  0\$aPolitical science.
=653  0\$aPhilosophy (General)
=653  0\$aPolitical theory.
=776  08$iPrint version:$z9785973901974
=859  \\$aORR$bdonated ebook
=880  1\$6100-01/$aЦымбурский, Вадим.
=880  10$6245-02/$aКонъюнктуры земли и времени :$bгеополитические и хронополитические интеллектуальные расследования /$cВадим Цымбурский.
=CAT  \\$aBATCH-EVEB$b00$c20170516$lBLL01$h0943
=SRC  \\$aEAST VIEW EBOOKS$bOUT_CM16047_28022017.lex
=LAS  \\$aBATCH-EVEB$b00$c20170516$lBLL01$h0943

