=LDR  01554 am a22003852i 4500
=001  018342903
=003  Uk
=005  20130522162333.0
=006  m\\\\||\\d\|\\\\\\
=007  cr\|||||||||||
=008  120226s2008\\\\ru\a\\\\o\\\\\000\0\rus\d
=FMT  \\$a  BK
=035  \\$a(RuMoEVIS)918274BO
=040  \\$aRuMoEVIS$beng$cRuMoEVIS$dUk$erda
=100  1\$6880-01$aNovodranova, V. F.
=245  10$6880-02$aImennoe slovoobrazovanie v latinskom i︠a︡zyke i ego otrazhenie v terminologii /$cV. F. Novodranova.
=264  \1$aMoskva :$bI︠A︡zyki slavi︠a︡nskikh kulʹtur,$c2008.
=300  \\$a1 online resource (328 pages) :$billustrations.
=336  \\$atext$2rdacontent
=337  \\$acomputer$2rdamedia
=338  \\$aonline resource$2rdacarrier
=490  0\$aStudia Philologica
=653  0\$aClassical philology.
=653  0\$aLanguage and literature.
=653  0\$aLanguage. Linguistic theory. Comparative grammar.
=653  0\$aPhilology. Linguistics.
=653  0\$aScience of language (Linguistics)
=776  08$iPrint version:$z9785955102825
=859  \\$aORR$bdonated ebook
=880  1\$6100-01/$aНоводранова, В. Ф.
=880  10$6245-02/$aИменное словообразование в латинском языке и его отражение в терминологии /$cВ. Ф. Новодранова.
=CAT  \\$aBATCH-EVEB$b00$c20170516$lBLL01$h0943
=CAT  \\$aBATCH-UPD$b00$c20170516$lBLL01$h0943
=SRC  \\$aEAST VIEW EBOOKS$bOUT_CM16047_28022017.lex
=LAS  \\$aBATCH-UPD$b00$c20170516$lBLL01$h0943

