=LDR  01525 am a22003732i 4500
=001  018342904
=003  Uk
=005  20130522162334.0
=006  m\\\\||\\d\|\\\\\\
=007  cr\|||||||||||
=008  120227s2011\\\\ru\\\\\\o\\\\\000\0\rus\d
=FMT  \\$a  BK
=035  \\$a(RuMoEVIS)918287BO
=040  \\$aRuMoEVIS$beng$cRuMoEVIS$dUk$erda
=100  1\$6880-01$aPaducheva, E. V.
=245  10$6880-02$aSemanticheskie issledovanii︠a︡ :$bsemantika vremeni i vida v russkom i︠a︡zyke /$cE. V. Paducheva.
=264  \1$aMoskva :$bI︠A︡zyki slavi︠a︡nskoĭ kulʹtury,$c2011.
=300  \\$a1 online resource (480 pages).
=336  \\$atext$2rdacontent
=337  \\$acomputer$2rdamedia
=338  \\$aonline resource$2rdacarrier
=490  0\$6880-03$aI︠A︡zyk. Semiotika. Kulʹtura
=653  0\$aLanguage and literature.
=653  0\$aLanguage. Linguistic theory. Comparative grammar.
=653  0\$aPhilology. Linguistics.
=653  0\$aScience of language (Linguistics)
=776  08$iPrint version:$z9785955104317
=859  \\$aORR$bdonated ebook
=880  1\$6100-01/$aПадучева, Е. В.
=880  10$6245-02/$aСемантические исследования :$bсемантика времени и вида в русском языке /$cЕ. В. Падучева.
=880  0\$6490-03/$aЯзык. Семиотика. Культура
=CAT  \\$aBATCH-EVEB$b00$c20170516$lBLL01$h0943
=SRC  \\$aEAST VIEW EBOOKS$bOUT_CM16047_28022017.lex
=LAS  \\$aBATCH-EVEB$b00$c20170516$lBLL01$h0943

