=LDR  01489 am a22003852i 4500
=001  018342905
=003  Uk
=005  20130522162334.0
=006  m\\\\||\\d\|\\\\\\
=007  cr\|||||||||||
=008  120228s2011\\\\ru\\\\\\o\\\\\000\0\rus\d
=FMT  \\$a  BK
=035  \\$a(RuMoEVIS)918394BO
=040  \\$aRuMoEVIS$beng$cRuMoEVIS$dUk$erda
=100  1\$6880-01$aZonova, T. V.
=245  10$6880-02$aNa perekrestke Sredizemnomorʹi︠a︡ :$b«italʹi︠a︡nskiĭ sapog» pered vyzovom 21 veka /$cT. V. Zonova.
=264  \1$aMoskva :$bVesʹ Mir,$c2011.
=300  \\$a1 online resource (456 pages).
=336  \\$atext$2rdacontent
=337  \\$acomputer$2rdamedia
=338  \\$aonline resource$2rdacarrier
=490  0\$6880-03$aStaryĭ svet--novye vremena
=653  0\$a21st century.
=653  0\$aHistory (general) and history of Europe.
=653  0\$aHistory (General)
=653  0\$aHistory of Italy.
=653  0\$aModern history, 1453-.
=776  08$iPrint version:$z978777705198
=859  \\$aORR$bdonated ebook
=880  1\$6100-01/$aЗонова, Т. В.
=880  10$6245-02/$aНа перекрестке Средиземноморья :$b«итальянский сапог» перед вызовом 21 века /$cТ. В. Зонова.
=880  0\$6490-03/$aСтарый свет--новые времена
=CAT  \\$aBATCH-EVEB$b00$c20170516$lBLL01$h0943
=SRC  \\$aEAST VIEW EBOOKS$bOUT_CM16047_28022017.lex
=LAS  \\$aBATCH-EVEB$b00$c20170516$lBLL01$h0943

