=LDR  01578 am a22004332i 4500
=001  018342909
=003  Uk
=005  20130522162334.0
=006  m\\\\||\\d\|\\\\\\
=007  cr\|||||||||||
=008  120229s2008\\\\ru\a\\\\o\\\\\000\0\rus\d
=FMT  \\$a  BK
=035  \\$a(RuMoEVIS)918470BO
=040  \\$aRuMoEVIS$beng$cRuMoEVIS$dUk$erda
=100  1\$6880-01$aDzhadan, Igorʹ.
=245  10$6880-02$aPi︠a︡tidnevnai︠a︡ voĭna :$bRossii︠a︡ prinuzhdaet k miru /$cIgorʹ Dzhadan.
=264  \1$aMoskva :$bEvropa,$c2008.
=300  \\$a1 online resource (178 pages) :$billustrations.
=336  \\$atext$2rdacontent
=337  \\$acomputer$2rdamedia
=338  \\$aonline resource$2rdacarrier
=490  0\$6880-03$aVoĭny ;$v0.0
=653  0\$aAbkhazia.
=653  0\$aCaucasus.
=653  0\$aGeorgia (Republic). Georgian S.S.R. Georgian Sakartvelo.
=653  0\$aInternational relations.
=653  0\$aOsetia.
=653  0\$aPolitical science.
=653  0\$aRussia (Federation). Russian S.F.S.R.
=653  0\$aThe armed conflict. War and order.
=776  08$iPrint version:$z9785973901653
=859  \\$aORR$bdonated ebook
=880  1\$6100-01/$aДжадан, Игорь.
=880  10$6245-02/$aПятидневная война :$bРоссия принуждает к миру /$cИгорь Джадан.
=880  0\$6490-03/$aВойны ;$v0.0
=CAT  \\$aBATCH-EVEB$b00$c20170516$lBLL01$h0943
=CAT  \\$aBATCH-UPD$b00$c20170516$lBLL01$h0944
=SRC  \\$aEAST VIEW EBOOKS$bOUT_CM16047_28022017.lex
=LAS  \\$aBATCH-UPD$b00$c20170516$lBLL01$h0944

