=LDR  01817 am a22004212i 4500
=001  018342912
=003  Uk
=005  20130522162335.0
=006  m\\\\||\\d\|\\\\\\
=007  cr\|||||||||||
=008  120229s2009\\\\ru\\\\\\od\\\\000\0\rus\d
=FMT  \\$a  BK
=035  \\$a(RuMoEVIS)918570BO
=040  \\$aRuMoEVIS$beng$cRuMoEVIS$dUk$erda
=100  1\$6880-01$aMushinskai︠a︡, M. S.
=245  10$6880-02$aIzbornik 1076 goda /$cIzdanie podgotovili: M. S. Mushinskai︠a︡, E. A. Mishina, V. S. Golyshenko.
=264  \1$aMoskva :$bRukopisnye pami︠a︡tniki Drevneĭ Rusi,$c2009.
=300  \\$a1 online resource (volume <2 (446 pages)>).
=336  \\$atext$2rdacontent
=337  \\$acomputer$2rdamedia
=338  \\$aonline resource$2rdacarrier
=490  0\$6880-03$aPami︠a︡tniki slavi︠a︡no-russkoĭ pisʹmennosti , novai︠a︡ serii︠a︡ ;$v2
=546  \\$aIn Russian and Modern Greek.
=653  0\$aDictionaries and other reference general works.
=653  0\$aLanguage and literature.
=653  0\$aLanguage. Linguistic theory. Comparative grammar.
=653  0\$aLiterature (General)
=653  0\$aPhilology. Linguistics.
=774  18$gTom II
=776  08$iPrint version:$z9785955103211
=859  \\$aORR$bdonated ebook
=880  1\$6100-01/$aМушинская, М. С.
=880  10$6245-02/$aИзборник 1076 года /$cИздание подготовили: М. С. Мушинская, Е. А. Мишина, В. С. Голышенко.
=880  0\$6490-03/$aПамятники славяно-русской письменности , новая серия ;$v2
=CAT  \\$aBATCH-EVEB$b00$c20170516$lBLL01$h0943
=CAT  \\$aBATCH-UPD$b00$c20170516$lBLL01$h0943
=SRC  \\$aEAST VIEW EBOOKS$bOUT_CM16047_28022017.lex
=LAS  \\$aBATCH-UPD$b00$c20170516$lBLL01$h0943

