=LDR  01433 am a22003492i 4500
=001  018342913
=003  Uk
=005  20130522162335.0
=006  m\\\\||\\d\|\\\\\\
=007  cr\|||||||||||
=008  120229s2009\\\\ru\\\\\\o\\\\\000\0\rus\d
=FMT  \\$a  BK
=035  \\$a(RuMoEVIS)918584BO
=040  \\$aRuMoEVIS$beng$cRuMoEVIS$dUk$erda
=100  1\$6880-01$aFlori︠a︡, B. N.
=245  10$6880-02$aObshchestvennai︠a︡ myslʹ slavi︠a︡nskikh narodov v ėpokhu rannego srednevekovʹi︠a︡ /$cOtvetstvennyĭ redaktor: B. N. Flori︠a︡.
=264  \1$aMoskva :$bRukopisnye pami︠a︡tniki Drevneĭ Rusi,$c2009.
=300  \\$a1 online resource (317 pages)
=336  \\$atext$2rdacontent
=337  \\$acomputer$2rdamedia
=338  \\$aonline resource$2rdacarrier
=653  0\$aHistory (general) and history of Europe.
=653  0\$aHistory (General)
=653  0\$aHistory-Philosophy.
=653  0\$aMedieval history.
=776  08$iPrint version:$z9785955103006
=859  \\$aORR$bdonated ebook
=880  1\$6100-01/$aФлоря, Б. Н.
=880  10$6245-02/$aОбщественная мысль славянских народов в эпоху раннего средневековья /$cОтветственный редактор: Б. Н. Флоря.
=CAT  \\$aBATCH-EVEB$b00$c20170516$lBLL01$h0943
=SRC  \\$aEAST VIEW EBOOKS$bOUT_CM16047_28022017.lex
=LAS  \\$aBATCH-EVEB$b00$c20170516$lBLL01$h0943

