=LDR  01446 as a22003732i 4500
=001  018342914
=003  Uk
=005  20130522162335.0
=006  m\\\\||\\d\|\\\\\\
=007  cr\|||||||||||
=008  120301cuuuu9999ru\\u\\\o\\\\\000\c\rus\d
=FMT  \\$a  SE
=035  \\$a(RuMoEVIS)918630BO
=040  \\$aRuMoEVIS$beng$cRuMoEVIS$dUk$erda
=245  00$6880-01$aRossii︠a︡ i Baltii︠a︡ /$c[redakt︠s︡ionnai︠a︡ kollegii︠a︡: A. O. Chubarʹi︠a︡n, et al.].
=264  \1$aMoskva :$bVesʹ Mir,$c-<2011>
=300  \\$a1 online resource (volume <6 (271 pages)>)
=310  \\$aCompletely irregular
=336  \\$atext$2rdacontent
=337  \\$acomputer$2rdamedia
=338  \\$aonline resource$2rdacarrier
=653  0\$aBaltic States.
=653  0\$aHistory (general) and history of Europe.
=653  0\$aHistory (General)
=653  0\$aHistory of Russia. Soviet Union. Former Soviet Republics.
=700  1\$aChubarʹi︠a︡n, A. O.
=774  18$tDialog istorikov raznykh stran i pokoleniĭ$gVypusk 6 :
=776  08$iPrint version:$z9785777705068
=859  \\$aORR$bdonated ebook
=880  00$6245-01/$aРоссия и Балтия /$c[редакционная коллегия: А. О. Чубарьян, и др.].
=CAT  \\$aBATCH-EVEB$b00$c20170516$lBLL01$h0943
=CAT  \\$aBATCH-UPD$b00$c20170516$lBLL01$h0943
=SRC  \\$aEAST VIEW EBOOKS$bOUT_CM16047_28022017.lex
=LAS  \\$aBATCH-UPD$b00$c20170516$lBLL01$h0943

