=LDR  01130 am a22003372i 4500
=001  018342917
=003  Uk
=005  20130522162336.0
=006  m\\\\||\\d\|\\\\\\
=007  cr\|||||||||||
=008  120820s2012\\\\ru\\\\\\o\\\\\000\1\rus\d
=FMT  \\$a  BK
=035  \\$a(RuMoEVIS)928892BO
=040  \\$aRuMoEVIS$beng$cRuMoEVIS$dUk$erda
=100  1\$6880-01$aTroit︠s︡kiĭ, Sergeĭ.
=245  10$6880-02$aNovogodniĭ Ugar! /$cSergeĭ Troit︠s︡kiĭ.
=264  \1$aMoskva :$bAd Marginem,$c2012.
=300  \\$a1 online resource (192 pages)
=336  \\$atext$2rdacontent
=337  \\$acomputer$2rdamedia
=338  \\$aonline resource$2rdacarrier
=653  0\$aLanguage and literature.
=653  0\$aProse.
=653  0\$aRussian literature.
=776  08$iPrint version:$z9785911031015
=859  \\$aORR$bdonated ebook
=880  1\$6100-01/$aТроицкий, Сергей.
=880  10$6245-02/$aНовогодний Ugar! /$cСергей Троицкий.
=CAT  \\$aBATCH-EVEB$b00$c20170516$lBLL01$h0943
=SRC  \\$aEAST VIEW EBOOKS$bOUT_CM16047_28022017.lex
=LAS  \\$aBATCH-EVEB$b00$c20170516$lBLL01$h0943

