=LDR  01146 am a22003372i 4500
=001  018342918
=003  Uk
=005  20130522162336.0
=006  m\\\\||\\d\|\\\\\\
=007  cr\|||||||||||
=008  120820s2012\\\\ru\\\\\\o\\\\\000\1\rus\d
=FMT  \\$a  BK
=035  \\$a(RuMoEVIS)928893BO
=040  \\$aRuMoEVIS$beng$cRuMoEVIS$dUk$erda
=100  1\$6880-01$aGaĭdar, Arkadiĭ.
=245  10$6880-02$aZhiznʹ ni vo chto :$blbovshchina /$cArkadiĭ Gaĭdar.
=264  \1$aMoskva :$bAd Marginem,$c2012.
=300  \\$a1 online resource (128 pages)
=336  \\$atext$2rdacontent
=337  \\$acomputer$2rdamedia
=338  \\$aonline resource$2rdacarrier
=653  0\$aLanguage and literature.
=653  0\$aProse.
=653  0\$aRussian literature.
=776  08$iPrint version:$z9785911031183
=859  \\$aORR$bdonated ebook
=880  1\$6100-01/$aГайдар, Аркадий.
=880  10$6245-02/$aЖизнь ни во что :$bлбовщина /$cАркадий Гайдар.
=CAT  \\$aBATCH-EVEB$b00$c20170516$lBLL01$h0943
=SRC  \\$aEAST VIEW EBOOKS$bOUT_CM16047_28022017.lex
=LAS  \\$aBATCH-EVEB$b00$c20170516$lBLL01$h0943

