=LDR  01220 am a22003492i 4500
=001  018342919
=003  Uk
=005  20130522162336.0
=006  m\\\\||\\d\|\\\\\\
=007  cr\|||||||||||
=008  120820s2012\\\\ru\\\\\\o\\\\\000\0\rus\d
=FMT  \\$a  BK
=035  \\$a(RuMoEVIS)928895BO
=040  \\$aRuMoEVIS$beng$cRuMoEVIS$dUk$erda
=100  1\$6880-01$aIonin, Leonid.
=245  10$6880-02$aPolitkorrektnostʹ :$bdivnyĭ novyĭ mir /$cLeonid Ionin.
=264  \1$aMoskva :$bAd Marginem,$c2012.
=300  \\$a1 online resource (112 pages)
=336  \\$atext$2rdacontent
=337  \\$acomputer$2rdamedia
=338  \\$aonline resource$2rdacarrier
=653  0\$aCulture.
=653  0\$aHistory of sociology. History of sociological theory.
=653  0\$aSocial sciences.
=653  0\$aSociology (General)
=776  08$iPrint version:$z9785911031251
=859  \\$aORR$bdonated ebook
=880  1\$6100-01/$aИонин, Леонид.
=880  10$6245-02/$aПолиткорректность :$bдивный новый мир /$cЛеонид Ионин.
=CAT  \\$aBATCH-EVEB$b00$c20170516$lBLL01$h0943
=SRC  \\$aEAST VIEW EBOOKS$bOUT_CM16047_28022017.lex
=LAS  \\$aBATCH-EVEB$b00$c20170516$lBLL01$h0943

