=LDR  01133 am a22003492i 4500
=001  018342921
=003  Uk
=005  20130522162336.0
=006  m\\\\||\\d\|\\\\\\
=007  cr\|||||||||||
=008  120820s2011\\\\ru\\\\\\o\\\\\000\1\rus\d
=FMT  \\$a  BK
=035  \\$a(RuMoEVIS)928899BO
=040  \\$aRuMoEVIS$beng$cRuMoEVIS$dUk$erda
=100  1\$6880-01$aElizarov, Mikhail.
=245  10$6880-02$aNogti /$cMikhail Elizarov.
=264  \1$aMoskva :$bAd Marginem,$c2011.
=300  \\$a1 online resource (496 pages)
=336  \\$atext$2rdacontent
=337  \\$acomputer$2rdamedia
=338  \\$aonline resource$2rdacarrier
=653  0\$aLanguage and literature.
=653  0\$aProse.
=653  0\$aRussian literature.
=776  08$iPrint version:$z9785911030872
=859  \\$aORR$bdonated ebook
=880  1\$6100-01/$aЕлизаров, Михаил.
=880  10$6245-02/$aНогти /$cМихаил Елизаров.
=CAT  \\$aBATCH-EVEB$b00$c20170516$lBLL01$h0943
=CAT  \\$aBATCH-UPD$b00$c20170516$lBLL01$h0943
=SRC  \\$aEAST VIEW EBOOKS$bOUT_CM16047_28022017.lex
=LAS  \\$aBATCH-UPD$b00$c20170516$lBLL01$h0943

