=LDR  01234 am a22003612i 4500
=001  018342923
=003  Uk
=005  20130522162337.0
=006  m\\\\||\\d\|\\\\\\
=007  cr\|||||||||||
=008  120820s2010\\\\ru\\\\\\o\\\\\000\1\rus\d
=FMT  \\$a  BK
=035  \\$a(RuMoEVIS)929201BO
=040  \\$aRuMoEVIS$beng$cRuMoEVIS$dUk$erda
=100  1\$6880-01$aPoli︠a︡kov, Andreĭ.
=245  10$6880-02$aKitaĭskiĭ desant /$cAndreĭ Poli︠a︡kov.
=264  \1$aMoskva :$bNovoe izdatelʹstvo,$c2010.
=300  \\$a1 online resource (144 pages).
=336  \\$atext$2rdacontent
=337  \\$acomputer$2rdamedia
=338  \\$aonline resource$2rdacarrier
=490  0\$6880-03$aNovai︠a︡ serii︠a︡
=653  0\$aLanguage and literature.
=653  0\$aPoetry.
=653  0\$aRussian literature.
=776  08$iPrint version:$z9785983791404
=859  \\$aORR$bdonated ebook
=880  1\$6100-01/$aПоляков, Андрей.
=880  10$6245-02/$aКитайский десант /$cАндрей Поляков.
=880  0\$6490-03/$aНовая серия
=CAT  \\$aBATCH-EVEB$b00$c20170516$lBLL01$h0943
=SRC  \\$aEAST VIEW EBOOKS$bOUT_CM16047_28022017.lex
=LAS  \\$aBATCH-EVEB$b00$c20170516$lBLL01$h0943

