=LDR  01260 am a22003492i 4500
=001  018342927
=003  Uk
=005  20130522162337.0
=006  m\\\\||\\d\|\\\\\\
=007  cr\|||||||||||
=008  120823s2012\\\\ru\a\\\\o\\\\\000\1\rus\d
=FMT  \\$a  BK
=035  \\$a(RuMoEVIS)929385BO
=040  \\$aRuMoEVIS$beng$cRuMoEVIS$dUk$erda
=100  1\$6880-01$aAvchenko, Vasiliĭ.
=245  10$6880-02$aPravyĭ rulʹ :$bdokumentalʹnyĭ roman /$cVasiliĭ Avchenko.
=264  \1$aMoskva :$bAd Marginem,$c2012.
=300  \\$a1 online resource (366 pages) :$billustrations
=336  \\$atext$2rdacontent
=337  \\$acomputer$2rdamedia
=338  \\$aonline resource$2rdacarrier
=653  0\$aLanguage and literature.
=653  0\$aLiterature (General)
=653  0\$aProse. Prose fiction.
=776  08$iPrint version:$z9785911030995
=859  \\$aORR$bdonated ebook
=880  1\$6100-01/$aАвченко, Василий.
=880  10$6245-02/$aПравый руль :$bдокументальный роман /$cВасилий Авченко.
=CAT  \\$aBATCH-EVEB$b00$c20170516$lBLL01$h0943
=CAT  \\$aBATCH-UPD$b00$c20170516$lBLL01$h0943
=SRC  \\$aEAST VIEW EBOOKS$bOUT_CM16047_28022017.lex
=LAS  \\$aBATCH-UPD$b00$c20170516$lBLL01$h0943

