=LDR  01199 am a22003492i 4500
=001  018342929
=003  Uk
=005  20130522162337.0
=006  m\\\\||\\d\|\\\\\\
=007  cr\|||||||||||
=008  120823s2010\\\\ru\\\\\\o\\\\\000\1\rus\d
=FMT  \\$a  BK
=035  \\$a(RuMoEVIS)929389BO
=040  \\$aRuMoEVIS$beng$cRuMoEVIS$dUk$erda
=100  1\$6880-01$aKolʹ, Li︠u︡dmila.
=245  10$6880-02$aU meni︠a︡ v karmane dozhdʹ /$cLi︠u︡dmila Kolʹ.
=264  \1$aSankt-Peterburg :$bAleteĭi︠a︡,$c2010.
=300  \\$a1 online resource (360 pages)
=336  \\$atext$2rdacontent
=337  \\$acomputer$2rdamedia
=338  \\$aonline resource$2rdacarrier
=653  0\$aLanguage and literature.
=653  0\$aProse.
=653  0\$aRussian literature.
=776  08$iPrint version:$z9785914193406
=859  \\$aORR$bdonated ebook
=880  1\$6100-01/$aКоль, Людмила.
=880  10$6245-02/$aУ меня в кармане дождь /$cЛюдмила Коль.
=CAT  \\$aBATCH-EVEB$b00$c20170516$lBLL01$h0943
=CAT  \\$aBATCH-UPD$b00$c20170516$lBLL01$h0943
=SRC  \\$aEAST VIEW EBOOKS$bOUT_CM16047_28022017.lex
=LAS  \\$aBATCH-UPD$b00$c20170516$lBLL01$h0943

