=LDR  01195 am a22003372i 4500
=001  018342931
=003  Uk
=005  20130522162338.0
=006  m\\\\||\\d\|\\\\\\
=007  cr\|||||||||||
=008  120823s2011\\\\ru\\\\\\o\\\\\000\0\rus\d
=FMT  \\$a  BK
=035  \\$a(RuMoEVIS)929398BO
=040  \\$aRuMoEVIS$beng$cRuMoEVIS$dUk$erda
=100  1\$6880-01$aErokhin, S. V.
=245  10$6880-02$aT︠S︡ifrovoe kompʹi︠u︡ternoe iskusstvo /$cS. V. Erokhin.
=264  \1$aSankt-Peterburg :$bAleteĭi︠a︡,$c2011.
=300  \\$a1 online resource (192 pages)
=336  \\$atext$2rdacontent
=337  \\$acomputer$2rdamedia
=338  \\$aonline resource$2rdacarrier
=653  0\$aHistory of Philosophy, General.
=653  0\$aPhilosophy. Psychology. Religion.
=653  0\$aPhilosophy (General)
=776  08$iPrint version:$z9785914194540
=859  \\$aORR$bdonated ebook
=880  1\$6100-01/$aЕрохин, С. В.
=880  10$6245-02/$aЦифровое компьютерное искусство /$cС. В. Ерохин.
=CAT  \\$aBATCH-EVEB$b00$c20170516$lBLL01$h0943
=SRC  \\$aEAST VIEW EBOOKS$bOUT_CM16047_28022017.lex
=LAS  \\$aBATCH-EVEB$b00$c20170516$lBLL01$h0943

