=LDR  01619 am a22003852i 4500
=001  018342933
=003  Uk
=005  20130522162338.0
=006  m\\\\||\\d\|\\\\\\
=007  cr\|||||||||||
=008  120823s2012\\\\ru\\\\\\o\\\\\000\0\rus\d
=FMT  \\$a  BK
=035  \\$a(RuMoEVIS)929416BO
=040  \\$aRuMoEVIS$beng$cRuMoEVIS$dUk$erda
=100  1\$6880-01$aLant︠s︡ov, Alekseĭ.
=245  10$6880-02$a"Budut vse kak deti Bozhii..." :$btradit︠s︡ii zhitiĭnoĭ literatury v romane F.M. Dostoevskogo "Bratʹi︠a︡ Karamazovy" /$cAlekseĭ Lant︠s︡ov.
=264  \1$aSankt-Peterburg :$bAleteĭi︠a︡,$c2012.
=300  \\$a1 online resource (59 pages).
=336  \\$atext$2rdacontent
=337  \\$acomputer$2rdamedia
=338  \\$aonline resource$2rdacarrier
=490  0\$6880-03$aIstoricheskai︠a︡ kniga
=653  0\$aDostoevskii.
=653  0\$aHistory and criticism.
=653  0\$aLanguage and literature.
=653  0\$aRussian literature.
=776  08$iPrint version:$z9785914194960
=859  \\$aORR$bdonated ebook
=880  1\$6100-01/$aЛанцов, Алексей.
=880  10$6245-02/$a"Будут все как дети Божии..." :$bтрадиции житийной литературы в романе Ф.М. Достоевского "Братья Карамазовы" /$cАлексей Ланцов.
=880  0\$6490-03/$aИсторическая книга
=CAT  \\$aBATCH-EVEB$b00$c20170516$lBLL01$h0943
=CAT  \\$aBATCH-UPD$b00$c20170516$lBLL01$h0943
=SRC  \\$aEAST VIEW EBOOKS$bOUT_CM16047_28022017.lex
=LAS  \\$aBATCH-UPD$b00$c20170516$lBLL01$h0943

