=LDR  01191 am a22003372i 4500
=001  018342934
=003  Uk
=005  20130522162338.0
=006  m\\\\||\\d\|\\\\\\
=007  cr\|||||||||||
=008  120823s2011\\\\ru\\\\\\o\\\\\000\0\rus\d
=FMT  \\$a  BK
=035  \\$a(RuMoEVIS)929421BO
=040  \\$aRuMoEVIS$beng$cRuMoEVIS$dUk$erda
=100  1\$6880-01$aLivri, Anatoliĭ.
=245  10$6880-02$aFiziologii︠a︡ Sverkhcheloveka /$cAnatoliĭ Livri.
=264  \1$aSankt-Peterburg :$bAleteĭi︠a︡,$c2011.
=300  \\$a1 online resource (314 pages)
=336  \\$atext$2rdacontent
=337  \\$acomputer$2rdamedia
=338  \\$aonline resource$2rdacarrier
=653  0\$aHistory of Philosophy, General.
=653  0\$aPhilosophy. Psychology. Religion.
=653  0\$aPhilosophy (General)
=776  08$iPrint version:$z9785914194304
=859  \\$aORR$bdonated ebook
=880  1\$6100-01/$aЛиври, Анатолий.
=880  10$6245-02/$aФизиология Сверхчеловека /$cАнатолий Ливри.
=CAT  \\$aBATCH-EVEB$b00$c20170516$lBLL01$h0943
=SRC  \\$aEAST VIEW EBOOKS$bOUT_CM16047_28022017.lex
=LAS  \\$aBATCH-EVEB$b00$c20170516$lBLL01$h0943

