=LDR  01198 am a22003492i 4500
=001  018342935
=003  Uk
=005  20130522162338.0
=006  m\\\\||\\d\|\\\\\\
=007  cr\|||||||||||
=008  120823s2010\\\\ru\\\\\\o\\\\\000\1\rus\d
=FMT  \\$a  BK
=035  \\$a(RuMoEVIS)929424BO
=040  \\$aRuMoEVIS$beng$cRuMoEVIS$dUk$erda
=100  1\$6880-01$aObrazt︠s︡ov, Aleksandr.
=245  10$6880-02$aUzhatye knigi /$cAleksandr Obrazt︠s︡ov.
=264  \1$aSankt-Peterburg :$bAleteĭi︠a︡,$c2010.
=300  \\$a1 online resource (288 pages)
=336  \\$atext$2rdacontent
=337  \\$acomputer$2rdamedia
=338  \\$aonline resource$2rdacarrier
=653  0\$aLanguage and literature.
=653  0\$aProse.
=653  0\$aRussian literature.
=776  08$iPrint version:$z9785914194014
=859  \\$aORR$bdonated ebook
=880  1\$6100-01/$aОбразцов, Александр.
=880  10$6245-02/$aУжатые книги /$cАлександр Образцов.
=CAT  \\$aBATCH-EVEB$b00$c20170516$lBLL01$h0943
=CAT  \\$aBATCH-UPD$b00$c20170516$lBLL01$h0943
=SRC  \\$aEAST VIEW EBOOKS$bOUT_CM16047_28022017.lex
=LAS  \\$aBATCH-UPD$b00$c20170516$lBLL01$h0943

