=LDR  01387 am a22003732i 4500
=001  018342937
=003  Uk
=005  20130522162339.0
=006  m\\\\||\\d\|\\\\\\
=007  cr\|||||||||||
=008  120823s2011\\\\ru\\\\\\o\\\\\000\1\rus\d
=FMT  \\$a  BK
=035  \\$a(RuMoEVIS)929429BO
=040  \\$aRuMoEVIS$beng$cRuMoEVIS$dUk$erda
=100  1\$6880-01$aPavlov, Aleksandr.
=245  10$6880-02$aSneg na bolote /$cAleksandr Pavlov.
=264  \1$aSankt-Peterburg :$bAleteĭi︠a︡,$c2011.
=300  \\$a1 online resource (816 pages).
=336  \\$atext$2rdacontent
=337  \\$acomputer$2rdamedia
=338  \\$aonline resource$2rdacarrier
=490  0\$6880-03$aRusskoe zarubezhʹe , kollekt︠s︡ii︠a︡ poėzii i prozy
=653  0\$aLanguage and literature.
=653  0\$aLiterature (General)
=653  0\$aProse. Prose fiction.
=776  08$iPrint version:$z9785914194427
=859  \\$aORR$bdonated ebook
=880  1\$6100-01/$aПавлов, Александр.
=880  10$6245-02/$aСнег на болоте /$cАлександр Павлов.
=880  0\$6490-03/$aРусское зарубежье , коллекция поэзии и прозы
=CAT  \\$aBATCH-EVEB$b00$c20170516$lBLL01$h0943
=CAT  \\$aBATCH-UPD$b00$c20170516$lBLL01$h0943
=SRC  \\$aEAST VIEW EBOOKS$bOUT_CM16047_28022017.lex
=LAS  \\$aBATCH-UPD$b00$c20170516$lBLL01$h0943

