=LDR  01368 am a22003612i 4500
=001  018342942
=003  Uk
=005  20130522162339.0
=006  m\\\\||\\d\|\\\\\\
=007  cr\|||||||||||
=008  120823s2011\\\\ru\\\\\\o\\\\\000\1\rus\d
=FMT  \\$a  BK
=035  \\$a(RuMoEVIS)929437BO
=040  \\$aRuMoEVIS$beng$cRuMoEVIS$dUk$erda
=100  1\$6880-01$aGolovin, Vi︠a︡cheslav.
=245  10$6880-02$aNeizbezhnostʹ nashego mira /$cVi︠a︡cheslav Golovin.
=264  \1$aSankt-Peterburg :$bAleteĭi︠a︡,$c2011.
=300  \\$a1 online resource (232 pages).
=336  \\$atext$2rdacontent
=337  \\$acomputer$2rdamedia
=338  \\$aonline resource$2rdacarrier
=490  0\$6880-03$aRusskoe zarubezhʹe , kollekt︠s︡ii︠a︡ poėzii i prozy
=653  0\$aLanguage and literature.
=653  0\$aProse.
=653  0\$aRussian literature.
=776  08$iPrint version:$z9785914195752
=859  \\$aORR$bdonated ebook
=880  1\$6100-01/$aГоловин, Вячеслав.
=880  10$6245-02/$aНеизбежность нашего мира /$cВячеслав Головин.
=880  0\$6490-03/$aРусское зарубежье , коллекция поэзии и прозы
=CAT  \\$aBATCH-EVEB$b00$c20170516$lBLL01$h0943
=SRC  \\$aEAST VIEW EBOOKS$bOUT_CM16047_28022017.lex
=LAS  \\$aBATCH-EVEB$b00$c20170516$lBLL01$h0943

