=LDR  01221 am a22003492i 4500
=001  018342944
=003  Uk
=005  20130522162339.0
=006  m\\\\||\\d\|\\\\\\
=007  cr\|||||||||||
=008  120823s2012\\\\ru\\\\\\o\\\\\000\0\rus\d
=FMT  \\$a  BK
=035  \\$a(RuMoEVIS)929443BO
=040  \\$aRuMoEVIS$beng$cRuMoEVIS$dUk$erda
=100  1\$6880-01$aMavli︠u︡tova, Galii︠a︡.
=245  10$6880-02$aZvezdnoe ozherelʹe /$cGalii︠a︡ Mavli︠u︡tova.
=264  \1$aSankt-Peterburg :$bAleteĭi︠a︡,$c2012.
=300  \\$a1 online resource (224 pages)
=336  \\$atext$2rdacontent
=337  \\$acomputer$2rdamedia
=338  \\$aonline resource$2rdacarrier
=653  0\$aAuxiliary sciences of history.
=653  0\$aAcademicians. Scholars. Savants.
=653  0\$aAutobiography (memoirs)
=653  0\$aBiography.
=776  08$iPrint version:$z9785914196049
=859  \\$aORR$bdonated ebook
=880  1\$6100-01/$aМавлютова, Галия.
=880  10$6245-02/$aЗвездное ожерелье /$cГалия Мавлютова.
=CAT  \\$aBATCH-EVEB$b00$c20170516$lBLL01$h0943
=SRC  \\$aEAST VIEW EBOOKS$bOUT_CM16047_28022017.lex
=LAS  \\$aBATCH-EVEB$b00$c20170516$lBLL01$h0943

