=LDR  01156 am a22003372i 4500
=001  018342948
=003  Uk
=005  20130522162340.0
=006  m\\\\||\\d\|\\\\\\
=007  cr\|||||||||||
=008  120823s2012\\\\ru\\\\\\o\\\\\000\0\rus\d
=FMT  \\$a  BK
=035  \\$a(RuMoEVIS)929451BO
=040  \\$aRuMoEVIS$beng$cRuMoEVIS$dUk$erda
=100  1\$6880-01$aRaĭkov, A.
=245  10$6880-02$aTeorii︠a︡ sootnositelʹnosti /$cA. Raĭkov.
=264  \1$aSankt-Peterburg :$bAleteĭi︠a︡,$c2012.
=300  \\$a1 online resource (180 pages)
=336  \\$atext$2rdacontent
=337  \\$acomputer$2rdamedia
=338  \\$aonline resource$2rdacarrier
=653  0\$aHistory of Philosophy, General.
=653  0\$aPhilosophy. Psychology. Religion.
=653  0\$aPhilosophy (General)
=776  08$iPrint version:$z9785914194588
=859  \\$aORR$bdonated ebook
=880  1\$6100-01/$aРайков, А.
=880  10$6245-02/$aТеория соотносительности /$cА. Райков.
=CAT  \\$aBATCH-EVEB$b00$c20170516$lBLL01$h0943
=SRC  \\$aEAST VIEW EBOOKS$bOUT_CM16047_28022017.lex
=LAS  \\$aBATCH-EVEB$b00$c20170516$lBLL01$h0943

