=LDR  01453 am a22003732i 4500
=001  018342951
=003  Uk
=005  20130522162340.0
=006  m\\\\||\\d\|\\\\\\
=007  cr\|||||||||||
=008  120823s2012\\\\ru\\\\\\o\\\\\000\0\rus\d
=FMT  \\$a  BK
=035  \\$a(RuMoEVIS)929456BO
=040  \\$aRuMoEVIS$beng$cRuMoEVIS$dUk$erda
=100  1\$6880-01$aT︠S︡eĭtlin, Evseĭ.
=245  10$6880-02$aNeskolʹko minut posle :$bkniga vstrech /$cEvseĭ T︠S︡eĭtlin.
=264  \1$aSankt-Peterburg :$bAleteĭi︠a︡,$c2012.
=300  \\$a1 online resource (297 pages).
=336  \\$atext$2rdacontent
=337  \\$acomputer$2rdamedia
=338  \\$aonline resource$2rdacarrier
=490  0\$6880-03$aRusskoe zarubezhʹe , kollekt︠s︡ii︠a︡ poėzii i prozy
=653  0\$aLanguage and literature.
=653  0\$aLiterature (General)
=653  0\$aOutside the Russian Federation.
=653  0\$aProse. Prose fiction.
=776  08$iPrint version:$z9785914197190
=859  \\$aORR$bdonated ebook
=880  1\$6100-01/$aЦейтлин, Евсей.
=880  10$6245-02/$aНесколько минут после :$bкнига встреч /$cЕвсей Цейтлин.
=880  0\$6490-03/$aРусское зарубежье , коллекция поэзии и прозы
=CAT  \\$aBATCH-EVEB$b00$c20170516$lBLL01$h0943
=SRC  \\$aEAST VIEW EBOOKS$bOUT_CM16047_28022017.lex
=LAS  \\$aBATCH-EVEB$b00$c20170516$lBLL01$h0943

