=LDR  01745 am a22003732i 4500
=001  018342952
=003  Uk
=005  20130522162340.0
=006  m\\\\||\\d\|\\\\\\
=007  cr\|||||||||||
=008  120823s2012\\\\ru\q\\\\o\\\\\000\0\rus\d
=FMT  \\$a  BK
=035  \\$a(RuMoEVIS)929457BO
=040  \\$aRuMoEVIS$beng$cRuMoEVIS$dUk$erda
=245  00$6880-01$aĖvoli︠u︡t︠s︡ionnai︠a︡ i institut︠s︡ionalʹnai︠a︡ ėkonomicheskai︠a︡ teorii︠a︡ :$bdiskussii, metody i prilozhenii︠a︡ /$c[pod redakt︠s︡ieĭ A. I︠U︡. Arkhipova, S. G. Kirdinoĭ, E. M. Martishina].
=264  \1$aSankt-Peterburg :$bAleteĭi︠a︡,$c2012.
=300  \\$a1 online resource (367 pages) :$bcolor illustrations.
=336  \\$atext$2rdacontent
=337  \\$acomputer$2rdamedia
=338  \\$aonline resource$2rdacarrier
=490  0\$6880-02$aIstoricheskai︠a︡ biblioteka
=546  \\$aRussian, with summaries in English.
=653  0\$aEconomic history and conditions.
=653  0\$aEconomics.
=653  0\$aEconomics as a science. Relation to other subjects.
=653  0\$aMethodology.
=653  0\$aSocial sciences.
=776  08$iPrint version:$z9785914196292
=859  \\$aORR$bdonated ebook
=880  00$6245-01/$aЭволюционная и институциональная экономическая теория :$bдискуссии, методы и приложения /$c[под редакцией А. Ю. Архипова, С. Г. Кирдиной, Е. М. Мартишина].
=880  0\$6490-02/$aИсторическая библиотека
=CAT  \\$aBATCH-EVEB$b00$c20170516$lBLL01$h0943
=SRC  \\$aEAST VIEW EBOOKS$bOUT_CM16047_28022017.lex
=LAS  \\$aBATCH-EVEB$b00$c20170516$lBLL01$h0943

