=LDR  01344 am a22003492i 4500
=001  018342954
=003  Uk
=005  20130522162341.0
=006  m\\\\||\\d\|\\\\\\
=007  cr\|||||||||||
=008  120823s2010\\\\ru\\\\\\o\\\\\000\0\rus\d
=FMT  \\$a  BK
=035  \\$a(RuMoEVIS)929459BO
=040  \\$aRuMoEVIS$beng$cRuMoEVIS$dUk$erda
=100  1\$6880-01$aBazunov, E. P.
=245  10$6880-02$aObʺektivnoe sushchestvovanie boga kak problema nauki /$cE. P. Bazunov.
=264  \1$aSankt-Peterburg :$bAleteĭi︠a︡,$c2010.
=300  \\$a1 online resource (212 pages)
=336  \\$atext$2rdacontent
=337  \\$acomputer$2rdamedia
=338  \\$aonline resource$2rdacarrier
=653  0\$aPhilosophy. Psychology. Religion.
=653  0\$aPhilosophy of religion. Psychology of religion. Religion in relation to other subjects.
=653  0\$aReligion (General)
=653  0\$aReligions. Mythology. Rationalism.
=776  08$iPrint version:$z9785914193567
=859  \\$aORR$bdonated ebook
=880  1\$6100-01/$aБазунов, Е. П.
=880  10$6245-02/$aОбъективное существование бога как проблема науки /$cЕ. П. Базунов.
=CAT  \\$aBATCH-EVEB$b00$c20170516$lBLL01$h0943
=SRC  \\$aEAST VIEW EBOOKS$bOUT_CM16047_28022017.lex
=LAS  \\$aBATCH-EVEB$b00$c20170516$lBLL01$h0943

