=LDR  01407 am a22003732i 4500
=001  018342955
=003  Uk
=005  20130522162341.0
=006  m\\\\||\\d\|\\\\\\
=007  cr\|||||||||||
=008  120824s2011\\\\ru\\\\\\o\\\\\000\0\rus\d
=FMT  \\$a  BK
=035  \\$a(RuMoEVIS)929471BO
=040  \\$aRuMoEVIS$beng$cRuMoEVIS$dUk$erda
=100  1\$6880-01$aKroshin, Grigoriĭ.
=245  10$6880-02$aS ba--a--lʹshim privetom /$cGrigoriĭ Kroshin.
=264  \1$aSankt-Peterburg :$bAleteĭi︠a︡,$c2011.
=300  \\$a1 online resource (208 pages).
=336  \\$atext$2rdacontent
=337  \\$acomputer$2rdamedia
=338  \\$aonline resource$2rdacarrier
=490  0\$6880-03$aRusskoe zarubezhʹe , kollekt︠s︡ii︠a︡ poėzii i prozy
=653  0\$aAuxiliary sciences of history.
=653  0\$aAcademicians. Scholars. Savants.
=653  0\$aAutobiography (memoirs)
=653  0\$aBiography.
=776  08$iPrint version:$z9785914194908
=859  \\$aORR$bdonated ebook
=880  1\$6100-01/$aКрошин, Григорий.
=880  10$6245-02/$aС ба--а--льшим приветом /$cГригорий Крошин.
=880  0\$6490-03/$aРусское зарубежье , коллекция поэзии и прозы
=CAT  \\$aBATCH-EVEB$b00$c20170516$lBLL01$h0943
=SRC  \\$aEAST VIEW EBOOKS$bOUT_CM16047_28022017.lex
=LAS  \\$aBATCH-EVEB$b00$c20170516$lBLL01$h0943

