=LDR  01321 am a22003492i 4500
=001  018342956
=003  Uk
=005  20130522162341.0
=006  m\\\\||\\d\|\\\\\\
=007  cr\|||||||||||
=008  120824s2011\\\\ru\\\\\\o\\\\\000\0\rus\d
=FMT  \\$a  BK
=035  \\$a(RuMoEVIS)929473BO
=040  \\$aRuMoEVIS$beng$cRuMoEVIS$dUk$erda
=100  1\$6880-01$aOmelʹchuk, R. K.
=245  10$6880-02$aVera--ėkzistent︠s︡ialʹnyĭ otvet istine /$cR. K. Omelʹchuk.
=264  \1$aSankt-Peterburg :$bAleteĭi︠a︡,$c2011.
=300  \\$a1 online resource (144 pages)
=336  \\$atext$2rdacontent
=337  \\$acomputer$2rdamedia
=338  \\$aonline resource$2rdacarrier
=653  0\$aPhilosophy. Psychology. Religion.
=653  0\$aPhilosophy of religion. Psychology of religion. Religion in relation to other subjects.
=653  0\$aReligion (General)
=653  0\$aReligions. Mythology. Rationalism.
=776  08$iPrint version:$z9785914194694
=859  \\$aORR$bdonated ebook
=880  1\$6100-01/$aОмельчук, Р. К.
=880  10$6245-02/$aВера--экзистенциальный ответ истине /$cР. К. Омельчук.
=CAT  \\$aBATCH-EVEB$b00$c20170516$lBLL01$h0943
=SRC  \\$aEAST VIEW EBOOKS$bOUT_CM16047_28022017.lex
=LAS  \\$aBATCH-EVEB$b00$c20170516$lBLL01$h0943

