=LDR  01651 am a22003492i 4500
=001  018342958
=003  Uk
=005  20130522162341.0
=006  m\\\\||\\d\|\\\\\\
=007  cr\|||||||||||
=008  120824s2010\\\\ru\\\\\\o\\\\\000\0\rus\d
=FMT  \\$a  BK
=035  \\$a(RuMoEVIS)929476BO
=040  \\$aRuMoEVIS$beng$cRuMoEVIS$dUk$erda
=100  1\$6880-01$aPisarevskiĭ, N. P.
=245  10$6880-02$aGelon Gerodota :$bėllinskiĭ gorod v strane budinov issledovanii︠a︡ po ėtnicheskoĭ predyistorii naselenii︠a︡ Srednego Dona i stepi i lesostepi Vostochnoĭ Evropy skifskogo vremeni /$cN. P. Pisarevskiĭ.
=264  \1$aSankt-Peterburg :$bAleteĭi︠a︡,$c2010.
=300  \\$a1 online resource (360 pages)
=336  \\$atext$2rdacontent
=337  \\$acomputer$2rdamedia
=338  \\$aonline resource$2rdacarrier
=653  0\$aAncient history.
=653  0\$aHistory (general) and history of Europe.
=653  0\$aHistoriography.
=653  0\$aHistory (General)
=776  08$iPrint version:$z9785914193697
=859  \\$aORR$bdonated ebook
=880  1\$6100-01/$aПисаревский, Н. П.
=880  10$6245-02/$aГелон Геродота :$bэллинский город в стране будинов исследования по этнической предыистории населения Среднего Дона и степи и лесостепи Восточной Европы скифского времени /$cН. П. Писаревский.
=CAT  \\$aBATCH-EVEB$b00$c20170516$lBLL01$h0943
=SRC  \\$aEAST VIEW EBOOKS$bOUT_CM16047_28022017.lex
=LAS  \\$aBATCH-EVEB$b00$c20170516$lBLL01$h0943

