=LDR  01151 am a22003372i 4500
=001  018342964
=003  Uk
=005  20130522162342.0
=006  m\\\\||\\d\|\\\\\\
=007  cr\|||||||||||
=008  120824s2011\\\\ru\\\\\\o\\\\\000\1\rus\d
=FMT  \\$a  BK
=035  \\$a(RuMoEVIS)929487BO
=040  \\$aRuMoEVIS$beng$cRuMoEVIS$dUk$erda
=100  1\$6880-01$aMavli︠u︡tova, Galii︠a︡.
=245  10$6880-02$aNesushchai︠a︡ svet /$cGalii︠a︡ Mavli︠u︡tova.
=264  \1$aSankt-Peterburg :$bAleteĭi︠a︡,$c2011.
=300  \\$a1 online resource (216 pages)
=336  \\$atext$2rdacontent
=337  \\$acomputer$2rdamedia
=338  \\$aonline resource$2rdacarrier
=653  0\$aLanguage and literature.
=653  0\$aProse.
=653  0\$aRussian literature.
=776  08$iPrint version:$z9785914195349
=859  \\$aORR$bdonated ebook
=880  1\$6100-01/$aМавлютова, Галия.
=880  10$6245-02/$aНесущая свет /$cГалия Мавлютова.
=CAT  \\$aBATCH-EVEB$b00$c20170516$lBLL01$h0943
=SRC  \\$aEAST VIEW EBOOKS$bOUT_CM16047_28022017.lex
=LAS  \\$aBATCH-EVEB$b00$c20170516$lBLL01$h0943

