=LDR  01244 am a22003492i 4500
=001  018342966
=003  Uk
=005  20130522162342.0
=006  m\\\\||\\d\|\\\\\\
=007  cr\|||||||||||
=008  120824s2011\\\\ru\\\\\\o\\\\\000\0\rus\d
=FMT  \\$a  BK
=035  \\$a(RuMoEVIS)929489BO
=040  \\$aRuMoEVIS$beng$cRuMoEVIS$dUk$erda
=100  1\$6880-01$aPetrit︠s︡kiĭ, V. A.
=245  10$6880-02$aKosmos, chelovek, kulʹtura /$cV. A. Petrit︠s︡kiĭ.
=264  \1$aSankt-Peterburg :$bAleteĭi︠a︡,$c2011.
=300  \\$a1 online resource (280 pages)
=336  \\$atext$2rdacontent
=337  \\$acomputer$2rdamedia
=338  \\$aonline resource$2rdacarrier
=653  0\$aAstronautics. Space travel.
=653  0\$aMotor vehicles. Aeronautics. Astronautics.
=653  0\$aTechnology.
=776  08$iPrint version:$z9785914195721
=859  \\$aORR$bdonated ebook
=880  1\$6100-01/$aПетрицкий, В. А.
=880  10$6245-02/$aКосмос, человек, культура /$cВ. А. Петрицкий.
=CAT  \\$aBATCH-EVEB$b00$c20170516$lBLL01$h0943
=CAT  \\$aBATCH-UPD$b00$c20170516$lBLL01$h0944
=SRC  \\$aEAST VIEW EBOOKS$bOUT_CM16047_28022017.lex
=LAS  \\$aBATCH-UPD$b00$c20170516$lBLL01$h0944

