=LDR  01421 am a22003852i 4500
=001  018342967
=003  Uk
=005  20130522162342.0
=006  m\\\\||\\d\|\\\\\\
=007  cr\|||||||||||
=008  120824s2011\\\\ru\\\\\\o\\\\\000\1\rus\d
=FMT  \\$a  BK
=035  \\$a(RuMoEVIS)929499BO
=040  \\$aRuMoEVIS$beng$cRuMoEVIS$dUk$erda
=100  1\$6880-01$aUstinov, Mikhail.
=245  10$6880-02$aNyri︠a︡lʹshchik :$bstranit︠s︡y iz zhizni Nemilova /$cMikhail Ustinov.
=264  \1$aSankt-Peterburg :$bAleteĭi︠a︡,$c2011.
=300  \\$a1 online resource (216 pages).
=336  \\$atext$2rdacontent
=337  \\$acomputer$2rdamedia
=338  \\$aonline resource$2rdacarrier
=490  0\$6880-03$aIstoricheskai︠a︡ kniga
=653  0\$aLanguage and literature.
=653  0\$aProse.
=653  0\$aRussian literature.
=776  08$iPrint version:$z9785914193635
=859  \\$aORR$bdonated ebook
=880  1\$6100-01/$aУстинов, Михаил.
=880  10$6245-02/$aНыряльщик :$bстраницы из жизни Немилова /$cМихаил Устинов.
=880  0\$6490-03/$aИсторическая книга
=CAT  \\$aBATCH-EVEB$b00$c20170516$lBLL01$h0943
=CAT  \\$aBATCH-UPD$b00$c20170516$lBLL01$h0944
=CAT  \\$aBATCH-UPD$b00$c20190524$lBLL01$h2028
=SRC  \\$aEAST VIEW EBOOKS$bOUT_CM16047_28022017.lex
=LAS  \\$aBATCH-UPD$b00$c20190524$lBLL01$h2028

