=LDR  01660 am a22003732i 4500
=001  018342969
=003  Uk
=005  20130522162343.0
=006  m\\\\||\\d\|\\\\\\
=007  cr\|||||||||||
=008  120824s2011\\\\ru\\\\\\o\\\\\000\0\rus\d
=FMT  \\$a  BK
=035  \\$a(RuMoEVIS)929501BO
=040  \\$aRuMoEVIS$beng$cRuMoEVIS$dUk$erda
=100  1\$6880-01$aFrolov, Kirill Aleksandrovich.
=245  10$6880-02$aUkraina :$bvybor very, vybor sudʹby dvadt︠s︡atʹ let nezavisimosti Ukrainy--dvadt︠s︡atʹ let borʹby za edinstvo Russkoĭ T︠S︡erkvi /$cKirill Frolov.
=264  \1$aSankt-Peterburg :$bAleteĭi︠a︡,$c2011.
=300  \\$a1 online resource (228 pages).
=336  \\$atext$2rdacontent
=337  \\$acomputer$2rdamedia
=338  \\$aonline resource$2rdacarrier
=490  0\$6880-03$aIstoricheskai︠a︡ kniga
=653  0\$aOrthodox Eastern Church.
=653  0\$aOrthodox Eastern Church, Ukrainian.
=653  0\$aPhilosophy. Psychology. Religion.
=653  0\$aReligion (General)
=776  08$iPrint version:$z9785914195639
=859  \\$aORR$bdonated ebook
=880  1\$6100-01/$aФролов, Кирилл Александрович.
=880  10$6245-02/$aУкраина :$bвыбор веры, выбор судьбы двадцать лет независимости Украины--двадцать лет борьбы за единство Русской Церкви /$cКирилл Фролов.
=880  0\$6490-03/$aИсторическая книга
=CAT  \\$aBATCH-EVEB$b00$c20170516$lBLL01$h0943
=SRC  \\$aEAST VIEW EBOOKS$bOUT_CM16047_28022017.lex
=LAS  \\$aBATCH-EVEB$b00$c20170516$lBLL01$h0943

