=LDR  01212 am a22003372i 4500
=001  018342970
=003  Uk
=005  20130522162343.0
=006  m\\\\||\\d\|\\\\\\
=007  cr\|||||||||||
=008  120824s2011\\\\ru\\\\\\o\\\\\000\0\rus\d
=FMT  \\$a  BK
=035  \\$a(RuMoEVIS)929502BO
=040  \\$aRuMoEVIS$beng$cRuMoEVIS$dUk$erda
=100  1\$6880-01$aChetvertakov, S. A.
=245  10$6880-02$aRekonstrukt︠s︡ii︠a︡ teorii Maslou /$cS. A. Chetvertakov.
=264  \1$aSankt-Peterburg :$bAleteĭi︠a︡,$c2011.
=300  \\$a1 online resource (576 pages)
=336  \\$atext$2rdacontent
=337  \\$acomputer$2rdamedia
=338  \\$aonline resource$2rdacarrier
=653  0\$aHistory of Philosophy, General.
=653  0\$aPhilosophy. Psychology. Religion.
=653  0\$aPhilosophy (General)
=776  08$iPrint version:$z9785914194939
=859  \\$aORR$bdonated ebook
=880  1\$6100-01/$aЧетвертаков, С. А.
=880  10$6245-02/$aРеконструкция теории Маслоу /$cС. А. Четвертаков.
=CAT  \\$aBATCH-EVEB$b00$c20170516$lBLL01$h0943
=SRC  \\$aEAST VIEW EBOOKS$bOUT_CM16047_28022017.lex
=LAS  \\$aBATCH-EVEB$b00$c20170516$lBLL01$h0943

