=LDR  01575 am a22003732i 4500
=001  018342971
=003  Uk
=005  20130522162343.0
=006  m\\\\||\\d\|\\\\\\
=007  cr\|||||||||||
=008  120824s2011\\\\ru\\\\\\o\\\\\000\0\rus\d
=FMT  \\$a  BK
=035  \\$a(RuMoEVIS)929504BO
=040  \\$aRuMoEVIS$beng$cRuMoEVIS$dUk$erda
=100  1\$6880-01$aShmidt, Klaus.
=245  10$6880-02$aOni stroili pervye khramy :$btainstvennoe svi︠a︡tilishche okhotnikov kamennogo veka arkheologicheskie otkrytii︠a︡ v Gebekli Tepe /$cKlaus Shmidt.
=264  \1$aSankt-Peterburg :$bAleteĭi︠a︡,$c2011.
=300  \\$a1 online resource (320 pages).
=336  \\$atext$2rdacontent
=337  \\$acomputer$2rdamedia
=338  \\$aonline resource$2rdacarrier
=490  0\$6880-03$aIstoricheskai︠a︡ kniga
=653  0\$aAncient history.
=653  0\$aHistory (general) and history of Europe.
=653  0\$aHistoriography.
=653  0\$aHistory (General)
=776  08$iPrint version:$z9785914194229
=859  \\$aORR$bdonated ebook
=880  1\$6100-01/$aШмидт, Клаус.
=880  10$6245-02/$aОни строили первые храмы :$bтаинственное святилище охотников каменного века археологические открытия в Гебекли Тепе /$cКлаус Шмидт.
=880  0\$6490-03/$aИсторическая книга
=CAT  \\$aBATCH-EVEB$b00$c20170516$lBLL01$h0943
=SRC  \\$aEAST VIEW EBOOKS$bOUT_CM16047_28022017.lex
=LAS  \\$aBATCH-EVEB$b00$c20170516$lBLL01$h0943

