=LDR  01261 am a22003372i 4500
=001  018342972
=003  Uk
=005  20130522162343.0
=006  m\\\\||\\d\|\\\\\\
=007  cr\|||||||||||
=008  120824s2010\\\\ru\\\\\\o\\\\\000\0\rus\d
=FMT  \\$a  BK
=035  \\$a(RuMoEVIS)929508BO
=040  \\$aRuMoEVIS$beng$cRuMoEVIS$dUk$erda
=100  1\$6880-01$aShperk, Fedor.
=245  10$6880-02$aKak pechalʹno, chto vo mne tak mnogo nenavisti :$bstatʹi, ocherki, pisʹma /$cFedor Shperk.
=264  \1$aSankt-Peterburg :$bAleteĭi︠a︡,$c2010.
=300  \\$a1 online resource (324 pages)
=336  \\$atext$2rdacontent
=337  \\$acomputer$2rdamedia
=338  \\$aonline resource$2rdacarrier
=653  0\$aCriticism.
=653  0\$aLanguage and literature.
=653  0\$aLiterature (General)
=776  08$iPrint version:$z9785914193819
=859  \\$aORR$bdonated ebook
=880  1\$6100-01/$aШперк, Федор.
=880  10$6245-02/$aКак печально, что во мне так много ненависти :$bстатьи, очерки, письма /$cФедор Шперк.
=CAT  \\$aBATCH-EVEB$b00$c20170516$lBLL01$h0943
=SRC  \\$aEAST VIEW EBOOKS$bOUT_CM16047_28022017.lex
=LAS  \\$aBATCH-EVEB$b00$c20170516$lBLL01$h0943

