=LDR  01119 am a22003372i 4500
=001  018342977
=003  Uk
=005  20130522162344.0
=006  m\\\\||\\d\|\\\\\\
=007  cr\|||||||||||
=008  120901s2011\\\\ru\\\\\\o\\\\\000\1\rus\d
=FMT  \\$a  BK
=035  \\$a(RuMoEVIS)929967BO
=040  \\$aRuMoEVIS$beng$cRuMoEVIS$dUk$erda
=100  1\$6880-01$aLimonov, Ėduard Veniaminovich.
=245  10$6880-02$aK Fifi /$cĖduard Limonov.
=264  \1$aMoskva :$bAd Marginem,$c2011.
=300  \\$a1 online resource (125 pages)
=336  \\$atext$2rdacontent
=337  \\$acomputer$2rdamedia
=338  \\$aonline resource$2rdacarrier
=653  0\$aLanguage and literature.
=653  0\$aPoetry.
=653  0\$aRussian literature.
=776  08$iPrint version:$z9785911030650
=859  \\$aORR$bdonated ebook
=880  1\$6100-01/$aЛимонов, Эдуард Вениаминович.
=880  10$6245-02/$aК Фифи /$cЭдуард Лимонов.
=CAT  \\$aBATCH-EVEB$b00$c20170516$lBLL01$h0943
=SRC  \\$aEAST VIEW EBOOKS$bOUT_CM16047_28022017.lex
=LAS  \\$aBATCH-EVEB$b00$c20170516$lBLL01$h0943

