=LDR  01105 am a22003132i 4500
=001  018342978
=003  Uk
=005  20130522162344.0
=006  m\\\\||\\d\|\\\\\\
=007  cr\|||||||||||
=008  120901s2011\\\\ru\\\\\\o\\\\\000\1\rus\d
=FMT  \\$a  BK
=035  \\$a(RuMoEVIS)929968BO
=040  \\$aRuMoEVIS$beng$cRuMoEVIS$dUk$erda
=245  00$aDesi︠a︡tka :$bZakhar Prilepin, Sergeĭ Samsonov, Sergeĭ Shargunov, Ilʹdar Abuzi︠a︡rov, German Sadulaev, Mikhail Elizarov, Roman Senchen, Denis Gut︠s︡ko, Andreĭ Rubanov, Dmitriĭ Danilov.
=264  \1$aMoskva :$bAd Marginem,$c2011.
=300  \\$a1 online resource (429 pages)
=336  \\$atext$2rdacontent
=337  \\$acomputer$2rdamedia
=338  \\$aonline resource$2rdacarrier
=653  0\$a2001-.
=653  0\$aLanguage and literature.
=653  0\$aProse.
=653  0\$aRussian literature.
=776  08$iPrint version:$z9785911030735
=859  \\$aORR$bdonated ebook
=CAT  \\$aBATCH-EVEB$b00$c20170516$lBLL01$h0943
=SRC  \\$aEAST VIEW EBOOKS$bOUT_CM16047_28022017.lex
=LAS  \\$aBATCH-EVEB$b00$c20170516$lBLL01$h0943

