=LDR  01194 am a22003612i 4500
=001  018342980
=003  Uk
=005  20130522162344.0
=006  m\\\\||\\d\|\\\\\\
=007  cr\|||||||||||
=008  120901s2012\\\\ru\\\\\\o\\\\\000\0\rus\d
=FMT  \\$a  BK
=035  \\$a(RuMoEVIS)929970BO
=040  \\$aRuMoEVIS$beng$cRuMoEVIS$dUk$erda
=100  1\$6880-01$aSenchin, Roman.
=245  10$6880-02$aTuva /$cRoman Senchin.
=264  \1$aMoskva :$bAd Marginem,$c2012.
=300  \\$a1 online resource (125 pages)
=336  \\$atext$2rdacontent
=337  \\$acomputer$2rdamedia
=338  \\$aonline resource$2rdacarrier
=653  0\$aAuxiliary sciences of history.
=653  0\$aAutobiography (memoirs)
=653  0\$aBiography.
=653  0\$aHistory of Russia. Soviet Union. Former Soviet Republics.
=653  0\$aRegions of Russia. Periphery.
=776  08$iPrint version:$z9785911031077
=859  \\$aORR$bdonated ebook
=880  1\$6100-01/$aСенчин, Роман.
=880  10$6245-02/$aТува /$cРоман Сенчин.
=CAT  \\$aBATCH-EVEB$b00$c20170516$lBLL01$h0943
=SRC  \\$aEAST VIEW EBOOKS$bOUT_CM16047_28022017.lex
=LAS  \\$aBATCH-EVEB$b00$c20170516$lBLL01$h0943

