=LDR  01293 am a22003732i 4500
=001  018342983
=003  Uk
=005  20130522162345.0
=006  m\\\\||\\d\|\\\\\\
=007  cr\|||||||||||
=008  120901s2010\\\\ru\\\\\\o\\\\\000\1\rus\d
=FMT  \\$a  BK
=035  \\$a(RuMoEVIS)929997BO
=040  \\$aRuMoEVIS$beng$cRuMoEVIS$dUk$erda
=100  1\$6880-01$aBeli︠a︡kov, Aleksandr.
=245  10$6880-02$aUglekislye sny /$cAleksanndr Beli︠a︡kov.
=264  \1$aMoskva :$bNovoe izdatelʹstvo,$c2010.
=300  \\$a1 online resource (129 pages).
=336  \\$atext$2rdacontent
=337  \\$acomputer$2rdamedia
=338  \\$aonline resource$2rdacarrier
=490  0\$6880-03$aNovai︠a︡ serii︠a︡
=653  0\$aLanguage and literature.
=653  0\$aPoetry.
=653  0\$aRussian literature.
=776  08$iPrint version:$z9785983791411
=859  \\$aORR$bdonated ebook
=880  1\$6100-01/$aБеляков, Александр.
=880  10$6245-02/$aУглекислые сны /$cАлексанндр Беляков.
=880  0\$6490-03/$aНовая серия
=CAT  \\$aBATCH-EVEB$b00$c20170516$lBLL01$h0943
=CAT  \\$aBATCH-UPD$b00$c20170516$lBLL01$h0944
=SRC  \\$aEAST VIEW EBOOKS$bOUT_CM16047_28022017.lex
=LAS  \\$aBATCH-UPD$b00$c20170516$lBLL01$h0944

