=LDR  01297 am a22003492i 4500
=001  018342987
=003  Uk
=005  20130522162345.0
=006  m\\\\||\\d\|\\\\\\
=007  cr\|||||||||||
=008  120901s2010\\\\ru\\\\\\o\\\\\000\1\rus\d
=FMT  \\$a  BK
=035  \\$a(RuMoEVIS)930007BO
=040  \\$aRuMoEVIS$beng$cRuMoEVIS$dUk$erda
=100  1\$6880-01$aGorbanevskai︠a︡, Natalʹi︠a︡.
=245  10$6880-02$aKrugi po vode :$bi︠a︡nvarʹ 2006--avgust 2008 /$cNatalʹi︠a︡ Gorbanevskai︠a︡.
=264  \1$aMoskva :$bNovoe izdatelʹstvo,$c2010.
=300  \\$a1 online resource (81 pages)
=336  \\$atext$2rdacontent
=337  \\$acomputer$2rdamedia
=338  \\$aonline resource$2rdacarrier
=653  0\$aLanguage and literature.
=653  0\$aPoetry.
=653  0\$aRussian literature.
=776  08$iPrint version:$z9785983791428
=859  \\$aORR$bdonated ebook
=880  1\$6100-01/$aГорбаневская, Наталья.
=880  10$6245-02/$aКруги по воде :$bянварь 2006--август 2008 /$cНаталья Горбаневская.
=CAT  \\$aBATCH-EVEB$b00$c20170516$lBLL01$h0943
=CAT  \\$aBATCH-UPD$b00$c20170516$lBLL01$h0944
=SRC  \\$aEAST VIEW EBOOKS$bOUT_CM16047_28022017.lex
=LAS  \\$aBATCH-UPD$b00$c20170516$lBLL01$h0944

