=LDR  01101 am a22003372i 4500
=001  018342988
=003  Uk
=005  20130522162345.0
=006  m\\\\||\\d\|\\\\\\
=007  cr\|||||||||||
=008  120901s2009\\\\ru\\\\\\o\\\\\000\1\rus\d
=FMT  \\$a  BK
=035  \\$a(RuMoEVIS)930013BO
=040  \\$aRuMoEVIS$beng$cRuMoEVIS$dUk$erda
=100  1\$6880-01$aIoffe, Leonid.
=245  10$6880-02$aChetyre sbornika /$cLeonid Ioffe.
=264  \1$aMoskva :$bNovoe izdatelʹstvo,$c2009.
=300  \\$a1 online resource (286 pages)
=336  \\$atext$2rdacontent
=337  \\$acomputer$2rdamedia
=338  \\$aonline resource$2rdacarrier
=653  0\$aLanguage and literature.
=653  0\$aLiterature (General)
=653  0\$aPoetry.
=776  08$iPrint version:$z9785983791244
=859  \\$aORR$bdonated ebook
=880  1\$6100-01/$aИоффе, Леонид.
=880  10$6245-02/$aЧетыре сборника /$cЛеонид Иоффе.
=CAT  \\$aBATCH-EVEB$b00$c20170516$lBLL01$h0943
=SRC  \\$aEAST VIEW EBOOKS$bOUT_CM16047_28022017.lex
=LAS  \\$aBATCH-EVEB$b00$c20170516$lBLL01$h0943

