=LDR  01595 am a22003972i 4500
=001  018342994
=003  Uk
=005  20130522162346.0
=006  m\\\\||\\d\|\\\\\\
=007  cr\|||||||||||
=008  120901s2010\\\\ru\\\\\\o\\\\\000\0\rus\d
=FMT  \\$a  BK
=035  \\$a(RuMoEVIS)930054BO
=040  \\$aRuMoEVIS$beng$cRuMoEVIS$dUk$erda
=100  1\$6880-01$aGerasimov, I.
=245  10$6880-02$aMify i zabluzhdenii︠a︡ v izuchenii imperii i nat︠s︡ionalizma /$c[redaktory-sostaviteli: I. Gerasimov, M. Mogilʹner, A. Semenov].
=264  \1$aMoskva :$bNovoe izdatelʹstvo,$c2010.
=300  \\$a1 online resource (424 pages).
=336  \\$atext$2rdacontent
=337  \\$acomputer$2rdamedia
=338  \\$aonline resource$2rdacarrier
=490  0\$6880-03$aNovye granit︠s︡y
=653  0\$aAncient history.
=653  0\$aHistory (general) and history of Europe.
=653  0\$aHistoriography.
=653  0\$aHistory (General)
=653  0\$aHistory-Philosophy.
=653  0\$aPolitical and diplomatic history.
=776  08$iPrint version:$z9785983791398
=859  \\$aORR$bdonated ebook
=880  1\$6100-01/$aГерасимов, И.
=880  10$6245-02/$aМифы и заблуждения в изучении империи и национализма /$c[редакторы-составители: И. Герасимов, М. Могильнер, А. Семенов].
=880  0\$6490-03/$aНовые границы
=CAT  \\$aBATCH-EVEB$b00$c20170516$lBLL01$h0943
=SRC  \\$aEAST VIEW EBOOKS$bOUT_CM16047_28022017.lex
=LAS  \\$aBATCH-EVEB$b00$c20170516$lBLL01$h0943

