=LDR  01195 as a22003252i 4500
=001  018342999
=003  Uk
=005  20130522162347.0
=006  m\\\\||\\d\|\\\\\\
=007  cr\|||||||||||
=008  120926cuuuu9999ru\au\\\o\\\\\000\c\rus\d
=FMT  \\$a  SE
=035  \\$a(RuMoEVIS)932123BO
=040  \\$aRuMoEVIS$beng$cRuMoEVIS$dUk$erda
=245  00$6880-01$aArkheograficheskiĭ ezhegodnik za 2006 god /$c[otvetstvennyĭ redaktor: S. O. Shmidt].
=264  \1$aMoskva :$bNauka,$c-<2011>
=300  \\$a1 online resource (volume <2006 (459 pages)>)
=310  \\$aAnnual
=336  \\$atext$2rdacontent
=337  \\$acomputer$2rdamedia
=338  \\$aonline resource$2rdacarrier
=653  0\$aAuxiliary sciences of history.
=653  0\$aArchives.
=653  0\$aYearbooks. Almanacs. Directories.
=776  08$iPrint version:$z9785020375857
=859  \\$aORR$bdonated ebook
=880  00$6245-01/$aАрхеографический ежегодник за 2006 год /$c[ответственный редактор: С. О. Шмидт].
=CAT  \\$aBATCH-EVEB$b00$c20170516$lBLL01$h0943
=SRC  \\$aEAST VIEW EBOOKS$bOUT_CM16047_28022017.lex
=LAS  \\$aBATCH-EVEB$b00$c20170516$lBLL01$h0943

