=LDR  01605 am a22003732i 4500
=001  018343001
=003  Uk
=005  20130522162347.0
=006  m\\\\||\\d\|\\\\\\
=007  cr\|||||||||||
=008  120926s2011\\\\ru\\\\\\o\\\\\100\0\rus\d
=FMT  \\$a  BK
=035  \\$a(RuMoEVIS)932210BO
=040  \\$aRuMoEVIS$beng$cRuMoEVIS$dUk$erda
=110  2\$6880-01$aInstitut vostokovedenii︠a︡ RAN
=245  10$6880-02$aObraz Rossii v obshchestvennom soznanii Indii :$bproshloe i nastoi︠a︡shchee /$cT. N. Zagorodnikova, V. P. Kashin, T. L. Shaumi︠a︡n.
=264  \1$aMoskva :$bNauka,$c2011.
=300  \\$a1 online resource (295 pages).
=336  \\$atext$2rdacontent
=337  \\$acomputer$2rdamedia
=338  \\$aonline resource$2rdacarrier
=490  0\$6880-03$aNauchnye trudy [Institut vostokovedenii︠a︡ RAN]
=653  0\$aDomestic policy.
=653  0\$aForeign policy.
=653  0\$aInternational relations.
=653  0\$aPolitical science.
=776  08$iPrint version:$z9785892824484
=859  \\$aORR$bdonated ebook
=880  2\$6110-01/$aИнститут востоковедения РАН
=880  10$6245-02/$aОбраз России в общественном сознании Индии :$bпрошлое и настоящее /$cТ. Н. Загородникова, В. П. Кашин, Т. Л. Шаумян.
=880  0\$6490-03/$aНаучные труды [Институт востоковедения РАН]
=CAT  \\$aBATCH-EVEB$b00$c20170516$lBLL01$h0943
=SRC  \\$aEAST VIEW EBOOKS$bOUT_CM16047_28022017.lex
=LAS  \\$aBATCH-EVEB$b00$c20170516$lBLL01$h0943

